2922 4826
231 377 296 441 580
699 373 854 442 neuneu

232 535 297 619 que
313 531 751 598 vinctos⁶in'1¹ullianum'n
766 538 985 619 compingunt
995 545 1027 601 :⁷
1044 537 1283 622 cantharoque,
1298 549 1333 606 et

231 640 307 719 ipso
321 635 510 712 simulacro,
534 637 625 718 quod
642 639 810 718 gerebam,
827 638 919 721 apud
936 638 1002 702 fani
1018 638 1194 705 donarium
1206 641 1218 680 ⁸
1229 650 1243 677 ¹¹
1257 645 1332 707 red-

230 737 312 802 ditis
341 755 383 801 ac
406 741 624 814 consecratu,
653 740 781 804 altera⁹
803 740 857 803 die
882 741 1084 823 productum
1108 763 1172 819 me,
1197 761 1331 808 rursum

230 859 312 905 voce
333 842 502 923 praeconis
525 843 634 904 vaenui
660 842 865 925 subjiciunt,¹
891 849 1083 926 septemque
1105 846 1250 908 nummis
1272 867 1330 910 ca·

228 941 326 1020 rius,²
354 961 455 1024 quarn
478 943 571 1024 prius
591 951 665 1007 me3
697 953 955 1026 comparaverat
979 946 1170 1024 Philebum4
1191 947 1329 1029 quidam

227 1046 359 1130 pistor⁵
382 1039 423 1106 de
438 1045 593 1127 proximo
609 1047 748 1110 castello
762 1047 978 1128 praestinavit.
1024 1045 1249 1130 Protinusque
1263 1049 1330 1112 fru-

226 1241 292 1290 ciant
303 1242 328 1290 in
339 1256 471 1301 carcerem
484 1245 639 1306 eantbamque
649 1249 674 1292 et
690 1243 742 1307 ipra
752 1245 857 1305 imagine
867 1245 936 1304 Dea,
947 1245 1155 1306 qaam'partabarn,
1167 1241 1287 1305 depositis,
1301 1255 1330 1288 ac

226 1307 366 1355 menecratis
375 1307 401 1354 ia
412 1309 509 1356 donario
520 1309 611 1370 templi,
620 1309 658 1358 dle
665 1310 772 1371 sequenti
781 1311 913 1371 pascant
922 1309 968 1368 ιιι,
978 1315 1047 1370 atque
1056 1309 1142 1356 iterans
1153 1323 1206 1355 noce
1212 1307 1328 1369 praecata

224 1372 330 1419 ueaakrn
338 1372 500 1432 pronuntiant.
523 1373 556 1420 Et
563 1371 657 1435 quidam
669 1374 747 1435 pistor
757 1388 787 1422 ex
797 1374 904 1434 proximo
913 1373 1007 1421 castello
1018 1387 1053 1420 me
1062 1373 1119 1421 emit
1130 1377 1217 1433 septem
1227 1369 1329 1418 nammis

225 1434 314 1498 ιιιίιιι,
324 1450 394 1498 quarn
405 1436 518 1486 Philebus
526 1442 596 1486 antea
607 1453 643 1487 ιιι
656 1443 753 1487 emerat.
787 1437 921 1499 Statimque
931 1452 967 1486 me
981 1437 1050 1498 nube
1065 1442 1185 1485 sumtum
1195 1434 1328 1495 framenta,

688 1585 869 1606 mm

224 1667 310 1716 lucum
330 1666 519 1715 emendandum
540 1669 697 1730 putavimus,
705 1668 799 1732 priscae
811 1670 947 1731 scripturae
959 1667 1067 1717 ductum
1079 1666 1172 1726 secuti,
1183 1680 1240 1728 quae
1253 1673 1325 1716 erat:

225 1730 277 1778 Ha
297 1735 322 1778 et
340 1731 396 1778 aliis
416 1731 531 1780 similibus
540 1733 730 1792 asamnfrartra
740 1733 886 1782 ablateratls.
905 1733 946 1782 Al.
963 1732 1098 1780 oblatratie.
1110 1731 1205 1789 Vulgo,
1221 1729 1283 1777 Hac
1303 1738 1327 1780 et

223 1795 384 1843 allassimiles
402 1793 505 1858 offaniae
519 1795 617 1854 frastra
635 1797 786 1846 oblatrantes.
820 1796 1010 1846 ‘Blaterundi'
1033 1795 1139 1844 verbum
1157 1793 1279 1856 frequens
1299 1795 1326 1843 in

223 1857 274 1906 hoc
292 1858 398 1908 Nostro.
434 1859 493 1908 Non
508 1859 575 1909 bene
593 1861 670 1910 aliter
681 1863 746 1922 legit
759 1861 827 1924 apud
839 1862 981 1909 Varronem
993 1859 1156 1908 doctissimus
1168 1857 1304 1906 Turnebus
1320 1878 1325 1905 :

226 1921 315 1973 ‘Quid
336 1924 393 1972 est?
411 1923 473 1988 quid
496 1921 630 1973 blateras?
647 1925 709 2000 quid
720 1924 805 1974 dabo?
822 1925 883 1988 quid
895 1925 933 1972 vis
944 1924 1018 1973 tibil’
1035 1925 1144 1972 Festus:
1164 1921 1328 1984 ‘Blandum

224 1992 266 2034 est
286 1988 365 2036 stulte
385 1995 412 2036 et
430 1987 571 2050 percupide
592 1989 684 2052 loqur:
702 1990 769 2050 quod
788 2005 804 2036 a
816 1989 910 2038 Graeco
922 1988 985 2050 βλὰξ
995 1988 1120 2050 originem
1132 1986 1222 2035 ducit!
1255 1987 1326 2035 Vide

224 2049 338 2099 Nonium
350 2051 471 2100 Marcell.
483 2060 510 2100 et
521 2053 685 2114 Fulgentiurn
698 2053 857 2101 Placiadem.
876 2055 943 2102 Colo.
977 2054 1030 2101 Has
1041 2057 1065 2102 et
1081 2052 1142 2100 alias
1158 2051 1248 2098 similer
1265 2050 1328 2113 affa-

224 2114 278 2162 nt'us
286 2114 383 2171 srratra
402 2116 550 2166 altercantes.
587 2117 628 2164 lta
639 2117 742 2166 Bertin.
769 2115 868 2166 Arnub.
880 2117 925 2164 lib.
939 2130 966 2165 v.
983 2119 1088 2165 ‘Deum
1100 2130 1159 2163 cum
1170 2115 1326 2163 lroraanculo

225 2179 404 2227 altercabilem
424 2180 586 2227 conseruisse
608 2179 772 2228 sermonem!
801 2181 896 2244 Seiopp.
913 2181 939 2229 ln
956 2179 1038 2244 Symb.
1056 2186 1078 2228 et
1096 2179 1168 2242 Scap.
1193 2179 1211 2226 l.
1225 2193 1264 2227 ιν.
1283 2183 1326 2228 23.

224 2241 281 2300 Har
297 2247 321 2290 et
335 2243 396 2291 alias
414 2243 503 2291 amites
521 2243 624 2306 offaniae
636 2245 662 2303 s.
684 2243 847 2293 oblaterantea.
880 2245 923 2293 Sic
945 2245 1066 2306 rescripsi
1089 2257 1121 2290 ex
1143 2243 1212 2291 Flor.
1228 2243 1252 2290 in
1274 2257 1327 2306 quo

224 2314 292 2364 erat,
321 2307 377 2354 Har
400 2312 424 2356 et
448 2307 539 2356 similes
560 2307 665 2372 offaniae
689 2308 716 2367 f.
738 2308 901 2358 oblaterantr'r.
936 2310 967 2358 ln
990 2309 1064 2358 Bert.
1086 2316 1135 2366 est,
1162 2307 1198 2354 ll.
1218 2311 1242 2354 et
1258 2321 1284 2358 ιι.
1306 2324 1327 2356 ι.

222 2369 322 2428 asaneus
341 2373 364 2432 s.
386 2371 536 2420 altercantes.
570 2373 602 2420 In
623 2373 743 2434 vulgatis,
774 2373 824 2422 His
842 2379 866 2422 et
886 2374 941 2422 aliie
962 2371 1077 2422 similibus
1098 2370 1196 2434 affanr'r's
1215 2371 1241 2427 s.
1265 2369 1326 2418 blat-

223 2436 318 2484 terutr'r.
347 2434 560 2485 Elmenlrorstlus.
593 2435 636 2486 ΑΙ.
664 2435 810 2495 ablatratir‚·
833 2437 903 2486 unde
925 2437 1069 2500 conjectern
1090 2434 1245 2496 legendum:
1275 2434 1327 2483 His

223 2505 248 2547 et
267 2499 323 2548 allis
343 2499 458 2548 similibus
479 2499 622 2563 affanir'afr.
641 2500 788 2549 ablateratis.
822 2500 914 2550 Aurei.
936 2501 1094 2550 Prudentius
1116 2497 1168 2562 περὶ
1178 2495 1325 2558 arcebar:

225 2563 309 2612 ‘Cum
333 2565 419 2614 verbis
442 2579 532 2614 carens
561 2565 607 2614 Nil
631 2565 656 2613 in
677 2567 794 2614 Deorum
822 2565 999 2614 oblecteraret
1019 2562 1161 2614 dedecus:’
1187 2563 1326 2612 cliteraur

224 2626 358 2691 adhibens,
370 2631 411 2678 vel
423 2629 482 2692 quia
493 2629 530 2678 sic
541 2629 593 2689 legi
604 2628 707 2692 quidam
719 2631 818 2689 volunt,
829 2632 870 2678 vel
883 2629 992 2678 fortasse
1003 2630 1079 2677 metri
1098 2641 1182 2676 causa.
1199 2627 1327 2674 Brant.—
1343 2643 1344 2648 ¹

223 2691 411 2742 antestare
431 2693 517 2742 Pelet.
551 2693 679 2741 Rctrarsas
695 2693 828 2741 D'Orvill.
861 2690 1207 2753 Fux.addacantGuelf.pr.
1227 2692 1326 2738 Oua.—

222 2761 239 2804 6
256 2755 344 2805 Guelf.
358 2772 398 2819 pr.
409 2755 458 2806 Ed.
475 2757 551 2806 Vulc.
567 2771 606 2818 pr.
619 2759 701 2806 ricton
719 2757 810 2806 lat-t
828 2757 967 2820 lmplngant
983 2759 1067 2806 Palat.
1085 2757 1173 2804 lat-e
1190 2755 1241 2803 Ma.
1252 2756 1326 2802 dena·

221 2820 294 2870 fiam.
312 2821 385 2869 Colv.
411 2821 455 2869 Sic
466 2821 538 2869 Pitb.
551 2827 579 2868 et
590 2819 693 2869 D'Orv.
706 2836 721 2868 a
733 2836 783 2882 quo
796 2836 874 2883 prave
887 2823 991 2870 exulant
1002 2821 1034 2869 rb
1042 2821 1153 2882 gerebant
1162 2820 1234 2882 apud.
1258 2818 1326 2866 Fax.

222 2890 255 2932 et.
269 2883 396 2934 D‘Orvill.
409 2883 497 2934 Guelf.
508 2899 560 2934 sec.
569 2885 704 2936 constratis.
716 2883 808 2934 Id.-9
819 2886 886 2934 Flcr.
894 2887 943 2935 alta
951 2887 1036 2934 Pelet.
1045 2887 1186 2948 producant.
1205 2883 1325 2932 Elmenlr.

221 2949 323 3014 Saepius
335 2950 390 2998 haec
404 2949 499 2998 accidit
511 2950 628 2997 variatio.
661 2949 729 2998 Vide
748 2950 780 2997 ad
800 2951 819 2997 l.
836 2965 880 2999 111.
899 2966 923 3014 p.
943 2955 985 2999 56.
1018 2951 1061 3000 Ne
1080 2949 1159 3012 igitur
1172 2947 1214 2996 iric
1230 2955 1327 2994 mutes.

221 3015 257 3078 'qi
268 3013 378 3076 ὑστεραίᾳ
388 3014 424 3062 ait
436 3015 574 3062 ercianas.
594 3014 705 3061 Oua-1
724 3014 781 3062 Pal.
792 3015 891 3063 rodant.
909 3015 1000 3063 lat-a
1019 3015 1186 3063 Cariaeabest
1195 3010 1324 3060 D’Orvill.

222 3079 312 3129 leb-³
332 3079 392 3128 Non
403 3078 483 3128 lrabet
500 3076 529 3125 rb
544 3092 580 3126 me
591 3077 695 3128 D'Orv.
714 3077 802 3128 ld.-l
819 3079 877 3128 Pal.
889 3079 992 3145 fibabns.
1008 3079 1098 3128 la.-s
1116 3077 1167 3126 Ms.
1180 3075 1258 3136 idem,
1269 3089 1324 3137 paa-

717 3218 825 3268 NO'I'AE

251 3315 317 3364 mln
342 3315 487 3377 Tullianam]
513 3315 544 3363 ln
565 3327 670 3362 carcere
699 3313 750 3362 Ro·
784 3315 953 3378 juncarceris
970 3313 1080 3365 Romani
1097 3311 1199 3360 nomine
1214 3310 1323 3372 queruli-

218 3408 294 3444 mauo
306 3408 365 3457 pars
374 3392 543 3440 subterranea
553 3391 624 3439 dicta
631 3389 749 3441 fuitTul-
790 3390 836 3437 bet
856 3392 933 3436 aliurn
951 3403 1083 3438 carcerem
1094 3396 1173 3436 vocat
1190 3385 1232 3435 hic
1249 3386 1324 3452 Apu.

219 3471 316 3520 lienum
333 3485 348 3518 a
364 3467 455 3518 Servio
473 3465 560 3514 'l'ullio
581 3468 749 3529 Rege,aqao
787 3463 863 3512 leius.
889 3465 949 3513 Fuit
960 3464 1127 3527 praetereain
1138 3463 1255 3512 Romano
1266 3479 1323 3514 car-

219 3545 374 3596 edificatum
395 3543 476 3592 tuisse
498 3540 618 3590 traditur.
651 3540 749 3590 Sallus·
788 3553 848 3587 cere
868 3539 919 3587 alin
937 3541 1015 3602 pars‘
1029 3539 1118 3588 Robur
1133 3538 1142 3564 '
1151 3537 1234 3601 dicta,
1251 3540 1321 3589 unde

219 3623 279 3684 tius,
306 3622 332 3668 in
355 3619 460 3668 Catilio.
485 3617 629 3667 Tullianum
648 3617 684 3666 sic
703 3617 748 3665 de·
788 3614 1004 3678 praecipitabatur
1029 3612 1208 3664 maleficorum
1230 3628 1321 3686 genus,

219 3697 326 3746 scribit:
344 3698 414 3745 ‘Est
424 3697 495 3744 lucus
509 3695 535 3742 in
553 3710 665 3757 carcere,
679 3693 747 3759 quod
787 3690 855 3754 quod
868 3698 929 3739 ante
944 3691 1010 3740 arcis
1027 3689 1154 3739 robusteis
1171 3689 1321 3738 includeba-

217 3772 365 3822 Tullianum
394 3771 550 3834 appellatur,
572 3771 618 3820 ubi
643 3759 747 3834 paulum
787 3773 837 3816 tur.
872 3765 1047 3828 strangulatio
1061 3764 1141 3814 tiebat
1150 3764 1175 3812 in
1187 3763 1320 3832 Tulliano,

218 3847 367 3896 ascenderis
387 3845 420 3895 ad
436 3845 537 3908 laevem,
552 3846 659 3896 circiter
674 3844 746 3909 quin·
787 3841 962 3906 praecipitatio
975 3841 1006 3890 de
1022 3839 1141 3901 Robore;
1158 3839 1239 3912 tiebat
1256 3855 1319 3903 qua-

217 3923 302 3972 decim
314 3923 394 3985 pedes
411 3922 480 3970 humi
499 3922 647 3986 depressus.
680 3923 746 3971 Eum
788 3933 837 3984 que
849 3933 864 3966 e
877 3932 941 3982 rupe
957 3917 1077 3981 Tarpeia,
1088 3917 1137 3966 lroc
1153 3922 1202 3972 est,
1213 3929 1227 3964 e
1240 3915 1319 3980 Capi-

217 3998 336 4046 muniunt
347 3997 460 4062 undique
479 3999 603 4062 parietes,
621 4004 697 4063 atque
709 3999 746 4046 in·
788 3994 860 4044 tolio.

217 4073 746 4137 supercameralapideisfornicibusjunc-
818 4078 830 4102 ¹¹
847 4071 992 4134 Donariam]
1010 4069 1062 4120 isse
1079 4085 1130 4119 non
1150 4067 1245 4118 donum
1265 4069 1317 4134 sig·

216 4157 254 4209 ta,
267 4149 312 4198 sed
329 4149 427 4197 inculta
439 4150 561 4207 tenebris,
573 4151 652 4199 odore
668 4149 746 4210 toeda,
787 4145 884 4208 nificat,
902 4148 948 4196 sed
960 4149 1045 4197 locum
1058 4147 1084 4196 in
1095 4161 1145 4210 quo
1157 4146 1224 4196 dona
1243 4160 1318 4210 repo·

217 4231 295 4288 atque
312 4222 661 4287 terribilisejusfaciesest.’
690 4223 745 4273 Hu-
785 4221 924 4272 nubantur.
