2922 4826
201 377 285 464 ,566
689 389 846 439 neutum

221 535 317 618 potui
332 553 417 596 meo.
452 530 517 607 Ae,
529 531 559 593 si
570 529 771 612 intrepidus,
788 535 822 593 et
834 548 926 594 more
942 530 1042 594 solito
1060 521 1205 609 sumens,
1221 533 1320 615 aquis

222 637 488 710 allubescerenr,³
505 652 625 696 sanum
648 652 713 707 me,
730 637 832 715 atque
855 632 945 696 omni
970 635 1110 696 morbo4
1124 635 1245 698 scirent
1261 653 1321 699 ex-

221 738 387 822 peditum:
412 745 527 800 contra
542 755 631 812 vero,
646 736 676 798 si
688 737 795 799 visum
813 740 1093 818 contactumque⁵
1107 735 1219 798 laticis
1235 737 1322 799 vita-

221 835 312 902 remh
334 835 397 902 ac⁶
417 837 711 919 perhorrescerem,
738 857 800 919 pro
830 844 1006 918 comperto
1030 837 1167 900 noxiam
1195 837 1322 900 rabiem

222 939 437 1022 pertinaciter
450 937 577 1000 durare.
587 937 680 1020 [179]
704 938 808 1002 Hoc⁷
823 939 921 1014 enim,
930 939 1027 1002 libris
1039 939 1139 1001 etiam
1149 937 1323 1020 pristinis⁸

222 1041 401 1125 proditum,
418 1039 588 1102 observari
607 1040 727 1102 solere.
772 1039 843 1103 Isto
858 1038 998 1122 placito,
1012 1055 1073 1103 vas
1084 1041 1229 1102 immane
1243 1057 1324 1104 oon-

222 1144 332 1206 festim
360 1161 459 1224 uquae
488 1141 669 1224 pellucidae
701 1142 742 1205 de
771 1142 930 1224 proximo
958 1143 1073 1225 petitae
1098 1142 1218 1219 ionte,⁹
1244 1159 1324 1205 con-

223 1250 355 1307 tantes¹
373 1243 495 1320 adhuc,
512 1242 651 1306 offerunt
665 1244 758 1307 milri.
802 1243 850 1307 At
873 1263 935 1326 ego
957 1244 1029 1307 sine
1050 1243 1120 1306 ulla
1141 1263 1232 1307 mora
1245 1251 1324 1326 pio·

222 1363 370 1426 gressus,
385 1345 488 1408 etiam
503 1344 605 1408 obvio
621 1345 724 1426 gradu
740 1345 825 1410 satis
840 1345 996 1423 sitienter,
1015 1363 1153 1428 pronun,
1168 1352 1202 1409 et
1217 1351 1323 1410 totum

224 1451 329 1526 caput
343 1446 543 1526 invergens,²
559 1445 726 1509 salutares
748 1467 827 1509 vere
841 1446 996 1528 equidem
1010 1446 1086 1509 illas
1101 1455 1227 1528 aquas³
1243 1447 1325 1511 hau·
1414 1459 1417 1470 '

223 1547 360 1612 riebam.
405 1546 552 1628 Jamque
574 1552 609 1609 et
632 1547 774 1628 plausus
796 1551 985 1621 manuum*
1005 1549 1038 1608 et
1059 1547 1187 1610 aurium
1202 1545 1326 1626 flexas,

131 1705 135 1708 .
225 1656 261 1712 et
275 1648 414 1712 ductum
429 1648 580 1729 capistri,
592 1650 624 1709 et
637 1647 771 1730 quidvis
784 1647 873 1710 aliud
887 1645 1180 1730 periclitantium,⁵
1191 1648 1325 1732 placide

220 1853 390 1917 plerumnque
402 1859 507 1904 recenter
517 1855 625 1904 berete:
641 1859 675 1914 ct,
690 1854 712 1902 ri
723 1854 796 1902 libens
806 1853 937 1904 accederem
947 1853 978 1904 ad
985 1869 1059 1918 aquae
1069 1855 1153 1918 absque
1163 1855 1254 1914 timore,
1265 1853 1328 1902 bibe-

222 1931 316 1980 remque
326 1921 451 1967 secandum
461 1934 536 1968 meam
547 1919 744 1980 consuetudinem,
755 1923 906 1979 agnoscerent
917 1933 953 1968 me
963 1933 1012 1967 esee
1021 1935 1112 1979 eanum,
1123 1925 1191 1980 atque
1201 1921 1327 1967 liberatum

223 1981 253 2028 ab
263 1983 326 2030 omni
336 1984 486 2042 egritudine.
510 1985 600 2032 Contra
608 1998 672 2045 cero,
681 1983 704 2030 ei
709 1981 831 2044 sugerem,
841 1997 869 2030 ae
880 1983 1058 2040 reformidarem
1068 1988 1194 2044 aspectam,
1203 1989 1227 2032 et
1238 1987 1328 2030 luctum

222 2044 320 2106 liquoris
331 2047 405 2108 illiue,
416 2046 566 2106 mentatum
577 2061 626 2095 esre
634 2061 732 2095 nocuum
737 2047 846 2106 furorem
855 2047 931 2095 adira
941 2051 1076 2096 cunctanter
1083 2049 1177 2095 durare.
1202 2047 1233 2095 ld
1242 2049 1327 2108 quippe

223 2109 337 2170 scriptam
349 2125 398 2158 eure
414 2111 440 2158 ia
450 2112 555 2174 antiquie
570 2111 647 2169 libris,
665 2115 688 2158 et
699 2111 846 2172 experientia
861 2111 1013 2173 comprobari.
1047 2111 1153 2159 Probata
1164 2111 1205 2159 boe
1221 2111 1328 2172 coneilio,

223 2171 337 2232 abjiciunt
347 2175 405 2222 milri
413 2177 504 2231 rtatim,
515 2175 591 2222 adbuc
601 2174 745 2233 dubitantes,
756 2189 797 2222 tue
806 2175 890 2236 ingene
900 2175 993 2236 plemen
1000 2189 1061 2237 aqua
1072 2174 1234 2238 limpidissime
1242 2175 1328 2223 bauria

223 2249 255 2284 ex
264 2239 454 2298 proximasonte.
487 2241 541 2300 Ego
550 2253 613 2300 nero,
624 2253 675 2286 eum
682 2238 790 2300 protinas
796 2239 957 2300 praeeminent
966 2238 1025 2300 ipris
1032 2239 1123 2288 obuium
1134 2253 1185 2288 cunr
1193 2244 1231 2288 eat
1239 2251 1328 2298 magno

223 2299 275 2361 riti,
294 2301 398 2350 bibebam
416 2303 469 2350 illae
480 2317 560 2366 aquae,
577 2303 635 2350 mibi
646 2304 739 2366 quidem
750 2315 831 2352 reuera
846 2304 969 2364 salutares,
984 2302 1100 2352 inclinans
1111 2319 1156 2366 rae,
1168 2310 1193 2352 et
1205 2302 1328 2363 intingens

223 2367 298 2412 iatum
305 2371 384 2429 eaput,
417 2367 518 2430 Jamque
528 2367 653 2429 tranquille
656 2365 764 2426 ferebam
773 2373 796 2415 et
804 2367 898 2430 palpari
909 2382 945 2414 rne
956 2381 1034 2416 eorum
1045 2368 1161 2430 mantum,
1172 2373 1195 2416 et
1205 2366 1329 2416 remulceri

222 2428 283 2477 milri
290 2443 367 2494 eurus,
376 2434 399 2478 ei
410 2445 446 2480 me
456 2432 509 2480 daei
518 2431 629 2494 capistro,
641 2437 664 2480 et
674 2431 783 2494 quiequid
792 2431 859 2480 uliud
864 2430 987 2491 faciebant
994 2431 1130 2495 experiendi
1139 2432 1238 2494 gratia,·
1255 2432 1329 2480 donee

225 2671 352 2734 Juntluae,
365 2671 424 2721 Ald.
435 2671 541 2736 offerret.
562 2671 594 2720 In
607 2670 680 2722 Pitb.
691 2685 741 2720 non
755 2678 796 2721 est
807 2687 865 2722 meo.
878 2671 969 2722 ld-a
982 2671 1153 2734 Membrana,
1165 2673 1329 2725 allibereerem.

225 2735 339 2784 Celsius.
365 2737 425 2798 Alli,
436 2738 601 2786 ellibeecerem.
620 2735 690 2786 Flor.
701 2738 868 2786 allibuererem·
884 2738 1003 2786 Elmenh.
1029 2739 1201 2786 Adlibeererern
1212 2741 1253 2786 rel
1263 2741 1330 2791 allib.

224 2807 265 2848 est
277 2800 302 2848 iu
314 2801 379 2850 Mes.
392 2802 523 2865 plerisque
535 2807 563 2849 et
578 2799 646 2850 Edd.
657 2801 730 2850 vert.
745 2801 897 2849 aliitescerem
909 2802 997 2852 Oxou.
1008 2803 1146 2850 allubescem
1163 2801 1221 2851 Pal.
1239 2803 1329 2854 Guelf.

225 2877 278 2913 sec.
305 2865 418 2913 Oret-4
441 2866 505 2914 Fax.
524 2865 553 2913 nb
573 2864 637 2912 omni
655 2880 686 2912 m.
709 2863 799 2914 ld.-a
821 2866 904 2914 Oxou.
924 2867 989 2915 Fur.
1008 2865 1096 2915 aneu.
1116 2881 1155 2928 pr.
1173 2872 1328 2932 contractum,

224 2927 553 2978 n'orv.0.atcn.1a.-e
571 2928 657 2978 Oxou.
669 2927 755 2978 Gueli'.
775 2943 814 2992 pr.
832 2935 910 2992 atque.
927 2929 1016 2979 ld.·-7
1035 2930 1147 2993 Passim,
1166 2931 1236 2981 Her.
1253 2933 1327 2983 Colv.

225 2992 324 3041 Contra
335 2994 400 3043 Mes.
412 2993 446 3042 Ο.
460 2993 485 3041 in
498 2992 566 3042 Edd.
584 2992 674 3041 Calvio
687 2993 814 3056 prioribus
827 3003 868 3042 ert
880 2995 949 3042 Hae.
966 2994 1086 3044 oud—8
1103 2995 1134 3043 ln
1148 2997 1213 3045 Edd.
1225 2997 1327 3060 iisdem,

221 3057 294 3118 prist.
310 3058 392 3118 etiam,
412 3057 545 3107 D'Orvill.
558 3056 649 3106 Gneli.
663 3071 704 3120 pr.
721 3059 842 3120 prestinie.
860 3058 1012 3108 Gulielmius
1024 3060 1115 3108 maluit
1130 3060 1224 3121 prieris.
1242 3061 1329 3111 Oxou.

225 3119 316 3170 Guelf.
328 3135 368 3186 pr.
379 3122 510 3172 obeernare.
529 3123 619 3171 ld.-9
635 3121 739 3171 D'Orv.
751 3121 822 3172 Pitlr.
835 3121 922 3172 (laeli.
942 3137 994 3173 sec.
1012 3125 1096 3186 petito.
1115 3125 1175 3172 Par.
1187 3123 1275 3174 Guelf.
1288 3139 1328 3188 pr.

217 3185 306 3244 santie-
323 3186 413 3236 Id.-l
432 3187 489 3235 Pal.
501 3187 603 3236 D'Orr.
615 3186 705 3236 Guelf.
717 3201 758 3249 pr.
777 3187 862 3236 Oxou.
882 3187 942 3234 Par.
960 3187 1018 3236 Ine.
1034 3194 1063 3236 ut
1079 3189 1181 3249 passim,
1197 3195 1330 3238 cantantes.

225 3249 326 3299 D’Orv.
338 3251 405 3300 Edd.
416 3253 478 3300 Ber.
489 3253 579 3310 ndtoee,
598 3252 669 3300 Pitlr.
687 3251 770 3310 adine,
789 3251 839 3298 Ed.
855 3251 913 3300 Vlc.
931 3253 1014 3300 adine.
1031 3251 1134 3302 D’Orr.
1152 3255 1282 3312 conferunt,
1301 3261 1329 3304 et

226 3315 313 3362 rienter
326 3314 375 3362 Ed.
386 3316 446 3364 Vic.
463 3317 550 3364 let-2
568 3317 635 3364 Fax.
652 3319 722 3376 eaput
739 3327 848 3375 uergens.
871 3315 951 3364 Forte
969 3318 1117 3377 immergens.
1134 3318 1257 3365 Roaldus.
1277 3319 1328 3366 lle.

226 3391 333 3438 uergens.
351 3379 441 3426 Malim
452 3393 566 3439 mergens.
584 3379 646 3427 Ber.
655 3379 808 3439 immergens.
834 3379 906 3428 Calv.
929 3381 978 3428 lrls.
997 3387 1067 3443 eaput
1084 3395 1190 3440 uergens.
1223 3382 1329 3430 Fulvius

226 3441 335 3504 conjicit
346 3443 493 3505 legendum,
506 3448 569 3490 totus
578 3443 604 3491 in
615 3447 685 3504 caput
696 3455 805 3502 uergens,
817 3442 842 3488 ld
855 3451 904 3502 est,
918 3457 1038 3492 cernuus.
1057 3443 1152 3506 Seiopp.
1168 3444 1195 3492 ia
1207 3445 1329 3506 Symbola.

228 3505 306 3567 Caput
318 3519 427 3567 uergens.
461 3506 504 3554 Ite
516 3507 581 3554 Mss.
595 3519 691 3554 omnes.
707 3507 802 3568 Vulgo,
814 3510 832 3552 t.
844 3521 864 3555 e.
876 3521 991 3567 mergerer.
1011 3508 1125 3570 Fulvius,
1135 3512 1199 3556 totae
1208 3509 1233 3556 in
1244 3525 1264 3558 c.
1277 3523 1329 3558 ter·

224 3583 291 3630 genn
308 3570 476 3620 Eburum-b
494 3569 568 3618 Idem
580 3569 646 3618 liber
656 3568 685 3617 ri
702 3585 776 3631 aquas
787 3583 836 3617 non
853 3569 940 3618 habet.
959 3573 1025 3621 Colo.
1041 3570 1134 3635 Neque
1145 3573 1194 3620 Ed.
1205 3574 1331 3624 Mercari.

227 3633 300 3682 Illam
318 3635 390 3685 Pith.
409 3635 520 3684 ond-4
538 3633 601 3696 Alii,
617 3647 707 3682 manue.
725 3633 937 3684 Elmenlrorrtlus.
956 3637 1072 3684 Mannum
1091 3649 1149 3684 curn
1168 3637 1236 3686 Edd.
1253 3638 1329 3689 Junt.

247 3707 297 3746 ost.
308 3699 427 3748 Elmenlr.
439 3698 522 3748 Scrlr.
535 3700 604 3747 Flur.
617 3699 703 3761 recepi
718 3695 770 3746 tide
783 3699 866 3746 Codd.
884 3699 998 3749 Florent.
1010 3699 1068 3748 luc.
1080 3699 1210 3752 D'Orrill.
1221 3715 1252 3750 uc
1263 3703 1330 3754 Fax,

225 3711 260 3809 in
273 3765 369 3811 ceteris
378 3777 469 3812 manue.
482 3762 599 3812 Oua-b
609 3763 709 3811 Iterum
718 3760 760 3810 hic
769 3763 904 3825 scripturn,
912 3763 1107 3825 percontantium.
1119 3763 1232 3816 Calvino.
1243 3767 1332 3815 Oxou.

228 3825 316 3875 Guelf.
329 3841 369 3892 pr.
382 3826 541 3891 quidquidoie.
575 3827 606 3876 In
619 3827 720 3876 D'Orv.
733 3834 762 3876 et
774 3825 838 3878 Fax.
848 3827 1058 3890 pereunctantium.
1075 3830 1143 3878 Vlde
1154 3845 1240 3894 snpra.
1255 3831 1331 3881 Aliud

720 3954 828 4008 NOTAE

256 4059 315 4110 ¹¹85
334 4062 757 4126 eieumcontaetumqueloticienr'ta-
798 4065 840 4112 hic
863 4065 967 4114 morbus
991 4064 1091 4116 araeets
1117 4064 1243 4130 ὑδροφοβία
1265 4067 1328 4118 dici·

224 4151 284 4198 rem,
294 4137 347 4200 isa]
364 4140 372 4167 ‘
384 4135 414 4186 Iu
426 4138 538 4201 πιστοῖς]
550 4141 634 4204 inquit
646 4139 757 4202 Plinius,
798 4149 849 4192 tur.

223 4212 231 4238 ⁴
241 4213 326 4262 letalis
336 4228 410 4278 uquae
420 4220 504 4264 motus
512 4215 567 4265 eet!
593 4215 670 4265 Unde
678 4215 756 4265 etlam
