2922 4826
393 346 751 406 unnsuonrrrosnon
780 347 852 394 aru.
875 347 929 394 rx.
1143 335 1207 400 6137

106 500 245 555 tremam
257 488 424 554 insanium
441 507 568 566 vecors,
583 490 800 571 suspendium
816 508 891 552 sese
906 497 941 552 ct
957 489 1037 552 totis
1054 487 1146 564 illis‚⁹
1171 497 1212 554 et»

109 591 198 672 ipsis
223 589 386 670 legibusm
409 589 583 652 mandare¹
608 590 830 672 proclamans,
855 609 959 653 canes
985 589 1208 670 pastoritios‚²

109 691 291 765 villaticoS,
307 689 396 754 feros
412 695 509 771 atque
525 690 696 765 immanesr,
712 687 872 753 'assuetos
887 689 1019 770 abjecta
1034 709 1093 771 per
1108 710 1206 770 agros

112 791 247 854 esitare³
270 791 445 865 cadavera,
460 795 651 870 preterea*
672 789 774 852 etiam
789 789 1031 858 transeuntium
1046 790 1207 854 viatorum
1234 785 1237 792 ⁴

112 891 262 974 passivis
281 892 452 954 morsibus
478 891 689 954 alumnetos¹²
711 888 804 970 [203]
825 889 961 965 laxari,⁵
985 895 1085 971 atque
1101 891 1135 952 in
1151 911 1209 955 eo·

111 1013 186 1058 rum
207 992 347 1056 exitium
371 990 576 1069 inhortatos‚⁶
604 993 738 1056 immitti
761 991 938 1073 praecipit.⁷
983 988 1053 1066 Qui
1082 989 1217 1056 simul⁸'

111 1095 207 1174 signo
223 1093 322 1156 solito
337 1099 531 1176 pastorum⁰
553 1093 681 1157 incensi
697 1093 1009 1175 atque'inflammati
1024 1098 1111 1168 sunt,
1125 1090 1222 1158 furi-'

111 1271 232 1320 insaniens
242 1287 313 1336 uspru
323 1276 354 1323 sd
365 1272 473 1323 ultimum
477 1274 595 1332 furerent.
606 1275 709 1322 claranus
725 1288 750 1322 se
766 1275 861 1321 mittere
876 1286 915 1320 eos
930 1273 1134 1334 susceptusque
1151 1275 1218 1322 uden-

111 1336 176 1395 leges
184 1339 216 1384 ud
225 1338 382 1400 suspendium,
395 1338 464 1398 jubet
473 1339 532 1386 solui
543 1353 612 1386 curres
627 1339 764 1401 pastorales,
776 1338 900 1397 villaticus,
911 1343 997 1392 truces,
1008 1342 1031 1384 et
1043 1339 1147 1385 cntdeles
1157 1337 1211 1384 soti-

111 1404 149 1446 tos
159 1401 222 1448 uesci
231 1403 381 1450 cadaueribus
386 1402 498 1464 projectis
506 1416 548 1462 per·
559 1416 639 1462 agius,
648 1407 805 1464 pretereupue
815 1403 918 1450 nutritos
928 1400 1050 1460 morsibus,
1061 1399 1144 1462 paudus
1153 1397 1210 1462 pus·

111 1463 158 1510 sim
168 1464 290 1514 laniabunt
299 1467 401 1514 uiatores
411 1471 571 1524 transeuntes,
588 1465 733 1528 imperatque
752 1480 791 1512 eos
810 1465 923 1526 instigari
937 1463 1068 1512 hortatibus
1079 1463 1210 1512 initlorum

105 1528 244 1586 perniciem
279 1529 328 1585 Qut
338 1531 421 1580 stulius
431 1535 501 1592 utque
510 1530 611 1586 ocean,
631 1535 655 1578 et
666 1529 806 1592 iustumnuti
817 1534 873 1577 suut
884 1533 991 1577 musceto
1001 1528 1070 1589 siguo
1078 1531 1209 1589 pastorum,

109 1735 265 1798 dirupisse-9
282 1733 412 1786 D'Orrill.
429 1736 494 1786 Fax.
511 1750 538 1784 se
556 1739 580 1784 et
597 1731 721 1792 'omnibuu
740 1735 808 1798 quod
825 1741 913 1784 nutnrn
933 1735 965 1784 de
985 1736 1210 1800 interpretatione.

112 1800 239 1848 ruem-1
263 1800 350 1850 Oxou.
377 1802 495 1858 mundari,
521 1798 610 1850 Guelf.
638 1813 677 1860 pr.
702 1801 822 1860 usuudote,
847 1802 1003 1863 proclamans,
1023 1815 1100 1849 curres.
1126 1800 1209 1848 Idem.

75 1881 81 1892 ·
112 1867 163 1912 -2
182 1863 246 1912 Vid.⁴
262 1864 326 1913 Not.
344 1863 544 1912 Van—With.
567 1863 662 1920 objectu.
683 1862 785 1910 D'Orr.
808 1866 902 1912 urlustu.
935 1864 1077 1926 Perperum
1100 1864 1212 1911 omnino.

112 1926 181 1974 Vide
193 1927 226 1976 ed
238 1927 344 1975 Sueton-
365 1929 429 1975 Ner.
441 1942 465 1974 e.
477 1931 519 1974 et.
532 1931 558 1972 et
569 1929 609 1974 48.
636 1926 643 1952 ‘
659 1925 732 1987 Equo
750 1925 829 1974 odore
848 1927 942 1989 abjecti
954 1929 979 1975 in
992 1930 1058 1975 viam
1077 1927 1211 1979 cadaveris

113 1991 298 2040 consternato!
317 1991 380 2038 Oud.
412 1989 491 2051 Vntg.
508 1990 623 2037 emicuere.
657 1989 791 2048 Exsicare,
807 1991 861 2040 sive
876 1990 992 2039 exsieere
1004 2006 1082 2053 supra
1095 1997 1212 2039 notatum

113 2054 190 2102 nobis
210 2051 243 2100 ad
263 2053 309 2102 lib.
320 2053 383 2101 vr‘rr.
403 2053 470 2102 Cois.
502 2053 588 2101 Pelet.
600 2051 708 2100 cremare.
742 2054 825 2102 Recte
840 2055 865 2102 iu
880 2055 954 2102 Fulv.
966 2055 1030 2104 Cod.
1042 2058 1129 2103 esitare
1141 2057 1211 2102 cudu-

113 2132 179 2166 νινε.
196 2116 347 2164 Wowerius.
382 2115 442 2164 Nou
460 2115 529 2164 enim
549 2117 664 2164 aduertit
680 2117 784 2165 Colvius
799 2116 926 2179 flagitium
938 2118 1033 2166 librarii
1046 2118 1117 2180 Itali,
1128 2119 1171 2166 cui
1183 2119 1214 2166 X

114 2187 142 2230 et
154 2180 175 2228 S
185 2179 254 2228 idem
266 2186 366 2229 sonunt.
400 2179 477 2231 Quod
496 2182 517 2227 si
536 2181 666 2240 scivisset,
678 2178 754 2232 facus
766 2182 992 2230 animadvertisset
1007 2181 1156 2244 legendum,
1166 2181 1213 2230 ssi‘-

114 2250 175 2304 tore,
185 2244 313 2306 quemodo
326 2245 465 2292 Fuluianus
477 2245 560 2292 codex
571 2243 659 2292 habet.
678 2244 782 2306 ucupp
797 2245 822 2293 iu
834 2245 917 2308 Symb.
950 2245 994 2293 Itu
1005 2261 1036 2294 ex
1052 2246 1133 2294 Fulvii
1146 2245 1212 2293 libro

114 2310 183 2358 hirae
194 2309 280 2356 locum
292 2309 361 2370 lego.
394 2309 465 2357 Flor.
476 2308 602 2358 emutare.
621 2307 677 2356 Pal.
687 2309 807 2358 esdccure.
819 2309 1031 2359 Elrnenlrorstius.
1043 2310 1074 2359 B.
1087 2311 1214 2359 exsiccm.

115 2373 261 2422 Puteanus.
292 2372 336 2420 Sic
349 2377 376 2420 et
385 2372 457 2422 Pitb.
477 2370 709 2420 'ExsicureD'Orn
737 2373 836 2422 Esicuru
855 2371 943 2436 Guelf.
964 2389 1004 2436 pr.
1023 2375 1141 2423 dissicere.
1159 2386 1218 2422 sees

112 2435 382 2502 ueguuwucare,
401 2443 430 2486 ut
449 2443 488 2484 est
508 2437 533 2483 iu
552 2435 619 2484 Edd.
638 2443 699 2484 unte
712 2436 783 2484 Colr.
799 2443 826 2484 et
846 2437 918 2499 quusi
933 2451 1060 2499 exsugere
1079 2437 1213 2485 medullas.

117 2501 224 2548 Euicure
235 2513 281 2562 pro
290 2499 453 2561 exscindere,
463 2500 590 2560 lacerare,
600 2513 658 2548 cum
669 2499 759 2547 Colvio
772 2501 816 2548 dat
824 2501 909 2549 Oxou.
930 2502 1038 2550 Emisere
1049 2500 1214 2550 ediditVulc.

117 2565 165 2612 Ed.
179 2578 231 2612 sec.
244 2564 314 2626 qrrod
326 2571 366 2612 est
377 2564 458 2613 nihili.
492 2563 610 2612 Praefers
622 2577 679 2611 cnm
690 2564 821 2612 Wowerio
832 2573 859 2612 et
871 2579 942 2627 seqq.
953 2565 1046 2612 esitare.
1072 2563 1172 2612 Passim
1185 2571 1213 2612 et

116 2627 689 2751 {turritum
910 2632 1003 2740 rm
1019 2628 1214 2742 atrurn

113 2760 237 2816 praterea.
254 2707 448 2804 lu-uprram.
460 2706 577 2804 autorum
588 2707 694 2816 grissibus
702 2757 833 2803 utumnntos
844 2758 860 2804 1.
887 2757 1029 2809 Beroaldus
1041 2756 1113 2818 legit,
1125 2725 1214 2819 pnsum

117 2834 148 2867 ru.
181 2820 238 2882 Ego
251 2833 322 2880 vero,
333 2819 443 2867 assiduis.
462 2819 636 2867 Roaldns.-6
653 2819 711 2867 Pal.
729 2819 840 2868 hortatos.
859 2819 977 2868 Onu-r
996 2820 1053 2868 Pul.
1066 2821 1130 2869 Fux.
1142 2820 1214 2867 Pnu.

118 2881 205 2932 Guelf.
219 2881 418 2933 oxon.1)¹01·r.
432 2882 498 2933 Edd.
511 2883 568 2932 Vic.
581 2883 643 2932 Ber.
656 2883 712 2932 Col.
724 2883 786 2932 Bas.
800 2885 924 2946 precepit.
942 2883 1032 2932 lu-s
1050 2883 1137 2933 Oxou.
1154 2885 1214 2945 quud

617 3011 725 3061 NOTAE

149 3114 167 3139 ¹¹
184 3107 343 3170 Suspensum
358 3123 416 3171 sese,
431 3114 456 3158 et
476 3109 533 3157 totis
548 3109 608 3169 illis,
624 3113 648 3156 et
687 3109 789 3156 uulutm.
823 3108 935 3158 Omnino
944 3107 1081 3170 legendum
1092 3109 1216 3156 erratuu-

116 3182 175 3243 ipris
184 3183 285 3246 legibus,
295 3185 347 3248 da]
375 3185 418 3234 Sic
435 3184 647 3234 nonancurte
687 3189 765 3244 nutus,
785 3185 939 3247 passiveqne
951 3183 1100 3230 srrmendnm
1113 3195 1160 3245 pro
1171 3197 1216 3246 russ-⁴

119 3256 195 3306 Poiit.
218 3260 274 3308 vult
295 3268 324 3310 nt
344 3259 456 3309 Achilles
474 3261 550 3322 ‘jura
570 3265 649 3322 neget
688 3259 767 3307 tritos.
801 3257 874 3307 Idem
896 3257 1047 3307 vocabulum
1070 3255 1150 3305 habet
1171 3255 1215 3304 lib.

120 3330 167 3379 ribi
176 3331 258 3382 nate!
275 3334 650 3398 ‘Suspendiumlegibusmsm
687 3347 725 3381 vr.
743 3334 789 3382 sed
809 3333 893 3382 active
911 3330 1113 3394 significationes
1135 3329 1217 3377 ‘ado-

121 3403 198 3452 dnre'
221 3407 264 3454 bic
280 3415 320 3456 est
341 3409 437 3476 ‘leges'
451 3409 523 3456 nihili
544 3407 650 3458 fucere.’
688 3409 926 3468 lescentemistunr,
938 3421 1013 3471 quem
1024 3406 1141 3454 manibus
1152 3403 1216 3454 meis

122 3479 153 3526 lit
172 3479 210 3540 id,
229 3480 299 3542 quod
313 3481 457 3544 luvenalis,
473 3483 559 3545 Satur.
572 3496 599 3530 x.
613 3482 650 3531 ait
689 3483 833 3531 alumnatus
844 3482 919 3532 sum!
953 3483 987 3528 Et
1002 3480 1122 3527 lib.v111.
1137 3480 1224 3540 ‘quos

120 3553 260 3616 ‘laqueum'
275 3552 417 3604 mundare.'
429 3556 441 3608 ,⁴
454 3555 517 3602 Cum
538 3554 649 3601 fortunae
688 3557 721 3599 nd
746 3555 835 3600 tntclre
856 3551 977 3614 praesidiu
994 3550 1093 3598 curiose
1111 3547 1217 3598 furerent

121 3627 176 3690 ipse
195 3628 651 3692 minaciMandarettaqueum,me·
688 3627 830 3676 alumenu?
861 3627 905 3676 Sic
928 3627 1035 3688 legimus
1058 3623 1126 3687 apud
1149 3627 1218 3674 bunc
1295 3619 1298 3628 ’

122 3703 244 3766 diumqne
255 3704 406 3753 ostenderet
417 3703 545 3765 unguem!
690 3701 830 3750 Auctorem
849 3700 964 3762 plurimis
985 3701 1009 3748 iu
1027 3699 1091 3748 locis
1107 3701 1218 3750 ‘ruenti-

153 3786 165 3810 ¹¹
183 3779 295 3827 Passicin
308 3778 423 3830 morsibus
437 3779 578 3842 ulumuutos]
596 3778 650 3828 Nu·
691 3775 748 3824 tus'
766 3775 842 3824 ruodo
854 3775 950 3835 uotiua,
962 3773 1037 3822 modo
1049 3772 1152 3836 passiva
1166 3774 1225 3835 sig-²

123 3853 197 3902 tritos
209 3853 371 3918 promiscuis,
383 3855 423 3914 vel
436 3855 530 3917 passim
547 3853 651 3916 impres·
691 3850 850 3913 nificstione,
863 3857 891 3899 nt
902 3863 962 3898 mox
972 3850 981 3878 ⁴
990 3841 1147 3896 inhortatos'
1159 3841 1225 3911 pas-²

123 3929 157 3976 sis
169 3929 294 3982 morsibus
306 3929 332 3976 in
347 3929 471 3978 viatores.
502 3928 545 3977 Sic
557 3927 601 3976 lib.
612 3941 668 3990 vr.¹
691 3926 755 3976 siva.
977 3983 980 3988 ,

124 4003 269 4052 ‘Discerne
297 4004 421 4052 seminum
442 4004 549 4052 istorum
572 4003 652 4066 passi·
723 4009 736 4034 ⁰
752 4001 827 4063 Signo
846 4001 914 4049 solito
934 3999 1067 4062 postorum]
1083 3997 1139 4049 Lib.
1155 4012 1218 4050 vrrs.

124 4090 182 4126 vum
204 4078 372 4141 congeriem,'
391 4080 439 4127 boc
457 4085 509 4139 est,
524 4078 653 4140 ‘pronus-
692 4076 761 4126 dixit
771 4093 778 4126 :
790 4073 1006 4140 ‘jubilationibus
1016 4072 1119 4124 solutu’
1218 4071 1220 4076 ’

123 4156 215 4202 cuem’
233 4151 354 4204 Absurde
364 4153 405 4208 tric
418 4151 523 4204 Cetrius
535 4151 652 4216 legitum-
