2922 4826
244 301 309 370 590
709 305 865 368 sannen

242 459 297 523 vel
311 466 440 522 unum⁹
455 457 572 522 vitium
587 458 804 542 nequissimae
818 459 869 522 illi
884 457 1031 524 foeminae
1048 456 1179 534 deerat,
1195 457 1255 522 sed
1270 477 1341 522 om·

187 586 189 590 ·
239 561 301 624 nin
314 578 469 642 prorsus,
487 567 544 622 ut¹
565 560 600 623 in
624 559 1238 642 quanda-coenosam·1strinam,in
1265 559 1340 642 ejus

244 661 411 724 unimam²
425 659 554 742 flagitia
569 660 816 725 confluxerant:
833 669 973 738 seseve,v
986 669 1104 736 seseve,3
1116 662 1243 737 virosa,
1253 661 1339 724 ebri-

246 767 337 838 osa,⁴
358 763 530 844 pervicax,
548 761 743 843 pertinenti
765 762 799 824 iu
822 760 972 846 rupinis⁶
993 763 1147 845 turpibus
1168 781 1283 839 avara,
1305 761 1340 824 in

245 862 410 932 sumtibus
437 861 540 926 foedis
568 861 726 944 profusa:
753 863 888 927 inimica
910 862 1001 941 fidei,
1025 863 1136 928 hostis
1159 863 1341 946 pudicitise.

245 963 343 1028 Tune
358 963 504 1045 spretis⁷
527 969 630 1045 utque
657 964 799 1029 calcatis
818 965 941 1030 divinis
955 963 1170 1041 numinibus,⁸
1185 966 1220 1027 iu
1235 957 1341 1028 vicem

246 1069 346 1129 certoe
359 1064 538 1146 religionis,
555 1066 695 1131 mentito
709 1067 873 1148 sacrilego
886 1067 1126 1150 praesumtione
1146 1065 1224 1141 Dei,
1248 1084 1343 1148 quem

245 1165 446 1256 praediceret
458 1169 623 1244 unicum,'
648 1167 801 1234 confictis
816 1168 1106 1234 observationibus
1121 1167 1265 1242 vacuis,⁹
1279 1164 1340 1229 lul-

245 1349 330 1398 aitium
341 1350 422 1398 demat
432 1349 469 1398 illi
484 1349 590 1412 pessimo
600 1351 694 1399 maturi
701 1367 711 1408 ,·
726 1353 768 1399 sed
783 1352 860 1400 mania
872 1351 964 1399 omuino
973 1351 1061 1398 scetem
1074 1352 1241 1399 commeruit
1258 1347 1285 1395 is
1295 1345 1343 1406 siras

246 1414 440 1475 meatem‚oeluti
456 1417 482 1462 ia
499 1415 603 1476 aliquam
620 1416 721 1463 eloacam
737 1415 845 1465 lutosam.
878 1415 1062 1474 Erntamiaasn,
1076 1415 1187 1472 erudelis,
1198 1411 1303 1459 uirorum
1319 1415 1342 1458 et

245 1477 296 1552 nini
306 1482 425 1552 appetem,
435 1477 561 1552 obstinata,
571 1483 706 1554 costumas,
715 1493 790 1554 notun
807 1481 833 1528 iu
844 1478 913 1554 [cedo
929 1479 1070 1540 rapacitate,
1087 1480 1189 1556 prodiga
1200 1477 1227 1522 ia
1237 1474 1343 1538 turpibus

245 1541 1166 1668 ttttttttt'tttttt‘ttt„ttttsttttttaltt.⁰ttttttr
1174 1539 1344 1667 little

248 1667 389 1731 Drusonem
398 1668 490 1717 dicebat
500 1639 594 1718 ramata
604 1683 662 1731 esse,
672 1669 772 1719 mentito
781 1671 863 1720 inanes
876 1641 1034 1732 ’commonitas
1050 1675 1073 1718 et
1088 1669 1207 1732 dsdpiem
1217 1681 1295 1716 omues
1305 1665 1344 1713 lta·

705 1833 888 1854 ‘tomeun

247 1950 292 1998 lat.
304 1947 391 1998 Guelf.
401 1963 453 1999 sec.
469 1951 557 2000 ls-u
569 1951 741 2064 Nefligeutea
751 1957 845 2000 contus
854 1952 921 2003 Mss.
933 1959 961 2002 et
971 1951 1039 2004 Edd.
1050 1950 1086 2000 0.
1098 1948 1141 1998 edi
1152 1948 1255 1999 onrsvit
1264 1948 1346 1998 Flori-

248 2013 308 2072 dus,
324 2014 406 2074 mrim,
425 2013 478 2062 sine
498 2017 533 2076 τῷ
548 2017 594 2064 ael.
627 2015 701 2064 d.-l
720 2015 829 2064 Oxumu
840 2031 875 2066 m.
891 2031 932 2078 pr.
949 2021 982 2066 et.
999 2016 1091 2065 ld.-2
1107 2013 1212 2062 D’Orv.
1232 2014 1345 2070 animam,

248 2075 316 2125 Edd.
328 2077 403 2125 Junt.
414 2077 473 2126 Ald.
489 2079 582 2127 auimo.
599 2077 690 2128 Its-s
708 2078 780 2128 Pitb.
791 2079 860 2128 Edd.
871 2086 932 2128 unte
944 2079 1098 2142 Colmaoaji.
1109 2077 1221 2141 flagitia,
1240 2083 1347 2140 prseter-
1451 2095 1452 2116 i

249 2154 326 2202 quam
336 2139 411 2189 litut.
422 2147 490 2203 post.
501 2142 527 2190 in
540 2157 591 2205 qus
601 2157 676 2190 mosa
684 2141 788 2205 flagitia
798 2143 867 2206 coajl.
878 2158 949 2193 moa.
977 2144 1008 2192 ln
1021 2143 1122 2191 D’Orv.
1134 2149 1163 2190 et
1175 2140 1265 2190 Oxou.
1278 2141 1348 2189 Pitb.

250 2205 315 2253 Fax.
327 2219 398 2266 sesa,
408 2219 492 2254 masa.
527 2205 681 2255 Pal-Guelf.
698 2221 750 2254 seo.
765 2221 841 2254 sroeaa
857 2221 933 2256 meua.
966 2205 1053 2256 Guelt'.
1072 2221 1112 2268 pr.
1131 2220 1195 2254 roeaa
1212 2219 1290 2254 sema.
1307 2205 1346 2254 Id.

249 2272 298 2316 -t
318 2267 420 2328 Vitiosa,
437 2269 536 2318 ebriosa.
569 2269 634 2318 Fux.
650 2271 747 2331 viriosa,
763 2273 854 2332 niuosa,
872 2286 895 2333 p.
914 2287 939 2333 p.
972 2271 1049 2323 Quod
1069 2271 1168 2333 probo:
1186 2283 1245 2316 uam
1258 2275 1349 2332 putan-

250 2331 311 2380 dum
328 2329 358 2378 ab
373 2333 463 2381 ebriosa
475 2333 585 2394 glossam
601 2347 657 2382 esse
668 2335 740 2382 verbi
751 2335 832 2383 viriosa
840 2351 850 2392 ,·
867 2350 924 2383 cum
938 2333 1057 2397 profecto
1071 2341 1140 2382 nutet
1152 2333 1247 2382 Lucius
1259 2339 1349 2382 noster
1451 2315 1452 2388 J

248 2409 341 2444 vocum
361 2397 572 2445 similitudinibus
591 2405 620 2446 et
639 2399 742 2459 peribas
754 2399 868 2448 exitibus
885 2399 990 2459 ludere;
1007 2406 1045 2460 ut,
1061 2396 1351 2460 quemadmodumsoean
1451 2403 1452 2466 3

249 2474 333 2523 meaa,
353 2461 466 2522 peruicax
481 2462 602 2525 pertinax,
618 2461 732 2524 dixerat,
749 2462 786 2512 tio
806 2463 884 2511 etism
895 2463 991 2524 viriosa,
1008 2465 1098 2511 niuosa.
1115 2460 1240 2510 Rosldns.
1274 2460 1350 2508 idem
1451 2471 1452 2506 t

248 2525 325 2584 liber,
340 2525 463 2584 iniuriosa.
497 2525 601 2586 Scribo,
620 2527 706 2576 virosa.
740 2525 864 2575 Afranius
885 2526 1014 2576 divortio:
1040 2526 1189 2587 ‘vigilans
1204 2540 1236 2574 so
1256 2525 1351 2584 solers,

250 2589 330 2648 sices,
348 2603 420 2650 sans,
435 2589 539 2638 sobria:
555 2590 647 2638 Virosn
658 2605 709 2639 non
721 2605 793 2640 sitm:
811 2599 839 2640 et
853 2591 874 2639 si
885 2591 942 2651 sim,
959 2605 1010 2639 nou
1023 2589 1116 2638 desunt
1128 2589 1199 2648 anibi,
1215 2587 1268 2640 Qui
1280 2590 1350 2636 uitro
1451 2641 1452 2650 ἵ

250 2652 328 2700 dent:
348 2658 410 2701 retas
420 2653 523 2715 integra
537 2659 585 2712 est,
595 2651 687 2702 formae
698 2655 779 2704 satis:
795 2656 862 2704 Colo.
896 2655 946 2704 Ms.
956 2655 1076 2716 jurgiosa.
1094 2653 1228 2716 Scioppius
1240 2653 1267 2700 in
1277 2652 1352 2714 Sym-

249 2715 318 2766 bola.
353 2715 405 2764 Alii
427 2716 504 2764 virosa
523 2723 551 2764 et
572 2717 693 2778 jurgiosa.
719 2719 932 2768 Elmenltorstins.
974 2720 1063 2778 Forte,
1081 2717 1194 2766 inoirosa.
1218 2716 1353 2782 Bruutins.

255 2779 349 2828 Viriasa
368 2788 510 2842 agnoscunt
521 2781 631 2832 Glossae.
663 2782 816 2832 'rerttutian
832 2783 950 2831 oirimior.
985 2781 1123 2831 Novatisn.
1142 2795 1168 2842 p.
1185 2784 1226 2829 24.
1246 2781 1353 2829 viritior.

250 2843 383 2892 Wnsu-b
395 2845 525 2904 Persicas,
539 2845 661 2907 pertinax.
695 2847 837 2908 Perpetem
849 2847 939 2895 ultima
950 2860 1000 2894 vox
1012 2847 1100 2895 exsulat
1111 2845 1144 2894 ab
1152 2844 1221 2893 Edd.
1231 2844 1355 2894 Wowerii

252 2912 280 2956 et
299 2907 405 2956 Pricaei.
424 2909 625 2971 Oudendorp—6
641 2909 672 2957 la
689 2910 788 2972 rapinis.
823 2911 981 2974 Praepositio
999 2910 1074 2958 deest
1085 2909 1134 2957 Ed.
1145 2909 1205 2956 Bas.
1216 2922 1256 2970 pr.
1275 2909 1353 2956 Idem.

250 2973 298 3018 -7
311 2971 397 3021 Gtteli.
408 2987 460 3022 sec.
470 2973 578 3036 sumptis.
594 2971 728 3022 Idem-8
745 2974 845 3033 Malim,
856 2982 886 3024 ut
895 2983 937 3023 est
953 2975 979 3022 in
999 2975 1101 3022 Bertin.
1120 2971 1245 3021 mentibus.
1262 2972 1355 3035 Sciop-

251 3035 310 3097 pius
321 3037 345 3084 iu
356 3036 479 3100 Symbola
490 3044 517 3085 et
528 3037 602 3099 Susp.
616 3037 660 3086 lib.
672 3051 698 3085 v.
710 3042 751 3088 23.
764 3039 960 3088 Elruaaliorstias.
994 3038 1146 3099 Perpetam.
1166 3037 1354 3098 Oudendorp.—

250 3103 267 3147 9
285 3101 422 3163 Carpanctir
431 3101 629 3152 obseruationibus
638 3103 727 3152 sarab.
744 3103 809 3153 [lux.
829 3104 935 3168 confictis
951 3101 1000 3152 obs.
1024 3103 1117 3150 Recte.
1149 3100 1181 3148 ln
1196 3099 1263 3148 nidi
1285 3099 1353 3148 libro

750 3251 861 3304 NOTAE

284 3371 297 3396 v
313 3363 408 3427 Seoeaa]
425 3362 559 3427 Ominum,
578 3364 693 3426 sinistre,
710 3365 784 3414 sinis·
824 3381 883 3415 unm
905 3365 993 3429 fuisse,
1011 3365 1090 3431 idque
1106 3367 1253 3428 ptaesertim
1272 3381 1356 3430 eppa·

253 3440 368 3491 teritutis
380 3441 479 3504 plens.
494 3442 564 3490 Ptin.
575 3443 602 3490 in
611 3441 696 3505 Epist.
708 3441 784 3490 ‘Ple
825 3450 866 3491 ret
877 3457 911 3490 ex
928 3443 976 3492 bac
987 3455 1062 3505 vore,
1076 3440 1297 3504 ‘presumtioness
1318 3442 1358 3490 its

255 3518 328 3583 rique
344 3517 404 3566 dum
422 3523 558 3574 verentur,
580 3531 613 3566 ne
636 3516 726 3580 gratioe
737 3531 783 3580 pn·
824 3517 892 3568 enim
904 3532 991 3566 sanum
1009 3532 1040 3568 so
1052 3532 1139 3566 veram
1151 3517 1358 3568 Christianorum

254 3595 367 3646 teutinnt
379 3594 508 3658 impartiri
516 3595 662 3656 videantur,
682 3594 782 3644 siniste-
822 3593 899 3644 fidem
912 3595 1011 3658 Psgnni
1022 3593 1162 3643 illudentes
1174 3593 1358 3657 appellabunt.

255 3671 351 3731 sitatis,
367 3674 446 3734 utque
465 3670 543 3718 etiam
562 3670 729 3732 malignitatis
747 3669 783 3718 fe·
822 3670 931 3718 Tertull.
951 3669 978 3716 in
995 3667 1182 3731 Apologetico:
1201 3667 1275 3716 ‘baeo
1286 3675 1359 3730 sunt,

255 3761 324 3796 mam
335 3745 545 3808 consequuntur!
574 3746 695 3794 Observa
708 3759 783 3807 paro·
823 3760 882 3810 quus
893 3745 919 3793 iu
931 3743 1005 3794 nobis
1016 3744 1077 3792 solis
1096 3743 1291 3810 praesumtiones
1309 3759 1358 3792 vo·

255 3825 395 3871 nemesium
413 3821 440 3870 in
457 3821 562 3870 vocibus
578 3823 692 3882 ‘sanam
703 3836 783 3881 soeva,
826 3820 938 3870 cautus!
970 3821 1044 3870 Idem
1056 3820 1082 3868 in
1093 3819 1214 3868 Montani
1228 3826 1256 3868 et
1272 3820 1358 3868 sonio-

256 3896 483 3958 uiriosa,ebriosa,
496 3896 779 3958 pervicax,pertinax.’
826 3911 882 3946 rum
904 3896 1042 3960 passione:
1069 3895 1275 3958 ‘condiscipuli
1296 3896 1356 3957 ejus

288 3979 305 4005 '¹
316 3973 544 4035 Mentitasarriiegn
552 3973 719 4036 praesumtione
729 3973 785 4035 Dei,
826 3972 979 4032 otendebant,
1000 3978 1039 4034 nt,
1056 3971 1241 4036 praesumtione
1250 3971 1355 4036 deponi,

256 4061 325 4109 quun
334 4047 475 4110 predicaret
485 4048 652 4112 anirum-ipo]
670 4048 785 4117 Hister·
825 4047 1048 4112 te,snerifionret.'

259 4123 299 4173 bis
317 4122 416 4174 indicat
433 4124 566 4174 mulierem
579 4125 648 4176 iilum
661 4123 785 4176 Christis·
