2922 4826
230 298 312 384 588Ι
702 309 859 358 sruusu

230 457 356 520 ullum²
372 455 507 537 uspiam
523 453 716 518 cruciabilis
731 453 810 516 vitre
825 451 981 516 solatium
995 451 1122 529 aderet,
1136 454 1200 518 nisi
1216 454 1334 536 quod³

230 557 377 639 ingenita
391 556 472 620 mihi
487 555 680 620 curiositate
695 555 881 630 recreabar,
898 553 977 616 dnm
992 555 1205 635 praesentiam
1219 575 1335 618 meam

230 660 328 741 parvi
350 659 524 734 facientes,
549 658 656 720 libere·
674 676 750 738 quse
774 656 903 731 volunt,
925 674 1040 718 omues
1061 661 1094 720 et
1114 663 1216 736 agunt
1231 661 1263 720 et
1278 657 1334 720 lo-

229 765 396 844 quantum
440 759 515 824 Nec
530 758 692 820 immerito
707 756 831 839 priscae
846 754 1014 838 politicae5
1037 757 1173 820 divinus
1193 763 1332 823 auctor¹

230 863 322 945 npud
337 858 488 937 GraioS‚⁶
504 881 643 924 summes
659 859 843 942 prudentiss
859 861 965 922 virum
974 865 1159 922 monstrare
1174 859 1331 940 cupiens,

228 947 408 1028 mulierum
424 963 595 1026 civitatum
618 963 712 1026 obitu
732 966 766 1024 et
779 961 945 1024 variorum
960 961 1160 1041 populorum
1176 961 1330 1040 cognitu,

144 1147 146 1150 Ι
230 1083 380 1129 summas
395 1063 863 1145 adeptum⁷virtutescecinit
897 1060 987 1124 Nam
999 1068 1034 1124 et
1043 1062 1117 1144 ipse
1130 1069 1244 1141 gratas
1256 1082 1332 1142 gra-

229 1165 315 1229 tins⁸
334 1162 427 1246 [186]
450 1164 547 1253 asino
563 1183 637 1226 meo
651 1163 797 1240 memini,
812 1162 903 1244 quod
920 1181 973 1224 me
989 1181 1053 1226 suo
1071 1162 1241 1226 celatum⁹
1257 1175 1331 1246 teg-

228 1383 284 1430 vite
295 1383 362 1431 iltius
376 1396 521 1441 erumnose,
539 1382 586 1430 nisi
602 1384 661 1444 quod
680 1381 830 1432 exhilaratur
848 1382 986 1431 curiositate
1004 1382 1063 1431 milri
1074 1353 1227 1438 inuutuicum
1239 1381 1330 1432 estimet

227 1449 427 1508 omuessucerent,
440 1453 463 1494 ct
474 1446 579 1494 dicerent
588 1446 660 1494 libere
670 1463 748 1495 eorem
761 1461 797 1494 rue
814 1446 925 1509 quiequid
940 1447 1055 1506 couleur,
1074 1451 1190 1496 contemta
1201 1461 1254 1495 mee
1264 1461 1330 1509 prce·

226 1513 311 1560 sentin.
346 1511 543 1572 Etjurequidem
555 1511 681 1572 meritoque
696 1512 791 1559 divinus
808 1516 890 1559 unctor
908 1511 1011 1574 entique
1026 1511 1119 1574 poiseus
1139 1511 1200 1558 inter
1220 1512 1330 1570 Grecos,

228 1577 304 1624 uolens
315 1575 436 1623 ostendere
447 1575 565 1622 hominum
572 1575 789 1636 prudentissimum,
801 1575 865 1624 dixit
878 1590 930 1623 eum
940 1575 1090 1638 mquisieisse
1101 1575 1216 1624 mucimus
1227 1575 1330 1623 uirtutes

227 1639 365 1686 circuitione
383 1639 509 1686 unitarum
526 1638 668 1700 tertiumsi
686 1640 818 1700 cognitione
833 1640 977 1688 diversorum
995 1641 1125 1688 notionum.
1160 1639 1248 1687 Futeor
1266 1637 1330 1686 enim

227 1717 264 1750 suc
274 1703 372 1751 muttum
382 1702 463 1750 debere
472 1717 529 1750 nece
538 1701 626 1762 ferree
637 1705 746 1765 nsiuiue,
761 1703 817 1767 quie
832 1705 912 1754 uelum
923 1717 959 1752 ure
969 1718 1010 1752 suc
1022 1708 1164 1766 tegumento,
1174 1717 1330 1770 exercentque

688 1861 868 1883 OWNOOO

229 1969 355 2019 Rouldus.
387 1970 520 2019 Adullimu
529 1971 673 2030 sulutirjuue
683 1972 779 2020 detrrm
808 1969 1329 2031 Nornmdictioneureseripto,hocloco

227 2049 353 2096 reponere
364 2035 456 2094 visum,
467 2037 560 2082 delum.
594 2035 643 2082 Sed
657 2041 740 2082 torum
752 2035 779 2082 in
791 2049 821 2083 eo
832 2035 869 2083 ita
880 2035 1071 2097 perscriptum:
1089 2037 1120 2082 nd
1136 2035 1221 2082 ultima
1242 2034 1330 2083 ureris

227 2101 343 2160 ueoejurn
354 2101 449 2147 detrun.
481 2099 557 2159 Vulg.
568 2100 598 2145 ud
608 2098 692 2146 ultime
703 2099 788 2146 salutis
805 2113 842 2146 ure
859 2101 953 2147 teuderu
963 2104 1064 2146 trusum.
1100 2099 1225 2146 Notemus
1237 2098 1329 2159 igitur,

229 2170 257 2212 et
267 2163 413 2224 exemplum
424 2176 569 2225 quaeramus
581 2161 659 2210 eliud.
672 2163 739 2211 Gelu.
772 2164 812 2211 Ae
821 2163 904 2211 ultimo
912 2162 1053 2222 sulutisjum
1063 2165 1159 2220 detruse,
1169 2177 1252 2210 summ.
1263 2177 1283 2210 c.
1295 2177 1328 2209 οοο.

228 2225 346 2280 Acumen
365 2226 472 2274 eliorum
492 2226 558 2273 lrauc
577 2226 714 2274 lectionem
735 2228 852 2288 peperit:
870 2241 946 2290 quem
966 2236 1051 2274 teuren
1072 2241 1118 2275 eur
1135 2227 1259 2286 recipiam
1277 2240 1329 2273 uon

228 2289 312 2340 video.
335 2289 399 2338 Cod.
412 2291 497 2338 Pelet.
507 2290 591 2338 solutis
601 2291 695 2338 taudem
704 2291 861 2340 trunsumicso.
878 2291 967 2339 Facile
979 2299 1088 2352 apparet
1099 2290 1235 2352 Apuleium
1248 2289 1330 2351 scrip·

229 2355 309 2403 sisse:
320 2353 374 2414 jusu
385 2356 500 2412 detrusus,
517 2356 640 2402 summisso
651 2369 672 2401 c.
683 2370 715 2403 ru.
731 2355 885 2403 Wouerius.
917 2355 957 2403 Ad
968 2355 1052 2402 ultima
1061 2353 1202 2413 aunuum
1213 2355 1328 2402 detrusus

229 2419 298 2466 Flos.
310 2427 336 2466 et
349 2419 423 2467 Bert.
440 2419 471 2466 ud
482 2419 589 2466 ultimum
605 2432 626 2467 s.
646 2423 738 2466 trusum
755 2421 849 2467 tundere
865 2418 979 2467 mbmisso
990 2420 1066 2481 cupite
1078 2435 1108 2466 ns.
1142 2419 1255 2477 Colvius,
1268 2418 1329 2480 liip-

228 2483 409 2532 inserente.
426 2496 448 2530 c·
458 2487 499 2534 21.
511 2491 539 2530 et
552 2482 647 2530 Coelius
659 2483 770 2544 Rhodig.
788 2485 819 2531 ud
836 2482 921 2532 ultime
939 2499 958 2532 s.
976 2498 1032 2538 nteoe
1046 2483 1099 2542 jem
1110 2484 1205 2530 detruse.
1224 2483 1328 2530 Elmeu·

228 2547 347 2595 horstius.
382 2547 489 2596 Detrnx.
522 2546 599 2594 Hanc
618 2546 758 2596 dictionem
778 2547 881 2595 Coluius
900 2545 1329 2610 putatnovamerseetlricrcpo·

228 2611 346 2658 neodem.
380 2611 437 2672 Ego
455 2618 542 2658 eutem
562 2611 616 2658 scio
628 2625 704 2659 uranu
717 2612 843 2672 scripturn
856 2611 912 2674 ejus
924 2613 979 2660 loco
996 2627 1017 2672 s,
1029 2611 1125 2659 habere
1137 2609 1291 2674 frequenter
1301 2625 1329 2671 x,

229 2681 363 2736 utsupra,
386 2673 576 2736 ‘resistentes'
596 2681 624 2723 et
644 2674 688 2722 lib.
708 2689 728 2722 1.
745 2689 792 2738 pro
817 2676 1000 2724 ‘esurientem
1020 2675 1089 2736 mei,’
1115 2676 1263 2724 enutrientem
1283 2689 1328 2722 me.

228 2737 328 2786 Iterum
345 2738 390 2788 lib.
401 2751 465 2786 vnr.
482 2752 528 2800 pro
545 2738 738 2800 ‘esurientem’
756 2739 910 2802 excutientem,
928 2747 956 2788 et
975 2741 1019 2789 lib.
1031 2753 1061 2788 x.
1079 2753 1126 2801 pro
1147 2737 1328 2798 ‘esurientem'

228 2803 371 2852 esurienter.
406 2802 466 2851 Hoc
476 2809 504 2850 et
514 2801 555 2850 hic
567 2803 691 2851 eccidisse
703 2809 777 2866 puto,
793 2811 822 2851 ut
837 2805 951 2852 detruxus
962 2804 1085 2866 scriptum
1097 2801 1186 2851 fuerit.
1203 2803 1329 2850 Brutti.—

227 2871 244 2914 2
261 2867 332 2915 Pith.
343 2867 419 2915 illurn.
437 2865 557 2916 Onu—s
574 2865 623 2915 Ed.
634 2868 695 2914 Bes.
711 2881 751 2928 pr.
766 2867 814 2914 uisi
825 2867 890 2930 quid.
909 2869 997 2917 len-4
1015 2867 1118 2917 D'Orv.
1130 2868 1223 2929 quode.
1240 2867 1328 2916 Oxou.

228 2930 302 2979 addit
312 2945 368 2979 esse.
402 2930 453 2979 Ed.
471 2930 530 2978 Vic.
540 2935 565 2980 et
575 2945 615 2992 ug.
635 2933 769 2992 bquuutur.
786 2931 874 2981 ld.-5
893 2931 984 2982 Guelf.
996 2945 1032 2994 pr.
1042 2931 1104 2994 pc'e't.
1113 2931 1206 2994 prisce
1240 2931 1328 2979 Pelet.

229 2993 318 3044 Guelf.
337 3009 390 3044 sec.
400 3000 474 3044 ector.
490 2993 581 3044 Id.—6
597 2994 698 3044 D'Orv.
713 3009 727 3043 e
745 2996 836 3058 glossa,
856 2997 946 3046 Grecos
959 2996 1053 3044 Graios.
1086 2995 1155 3044 Vide
1166 2994 1199 3042 ud
1213 2995 1256 3043 lib.
1266 3008 1284 3042 r.
1303 3009 1329 3058 p.

227 3061 253 3108 2.
269 3060 356 3109 Id.—l
374 3059 405 3110 lu
417 3059 527 3108 vetustis
544 3064 625 3122 uptun
637 3073 652 3107 u
664 3058 743 3108 verbo
758 3060 906 3124 ‘spiscnrr’
924 3061 992 3124 qnod
1003 3061 1029 3108 in
1042 3059 1087 3109 lib.
1100 3074 1117 3108 r.
1130 3057 1157 3107 ff.
1175 3058 1208 3106 de
1222 3059 1329 3120 Aequis.

228 3123 416 3173 Possessiouib.
447 3124 491 3174 Sic
512 3123 538 3172 iu
556 3138 636 3186 merg.
655 3125 701 3172 Vir
724 3126 801 3174 Doct.
821 3123 916 3174 troil.
936 3133 966 3188 ut
988 3125 1093 3176 Terent.
1106 3124 1202 3172 Hesus.
1214 3137 1240 3171 v.
1252 3127 1276 3170 3.
1290 3127 1329 3170 15.

227 3189 358 3236 ‘Deorum
372 3189 450 3237 vitum
461 3189 515 3250 apti
528 3203 613 3237 suiuus
623 3187 639 3238 :'
656 3195 684 3236 et
696 3189 761 3237 aliis.
796 3187 833 3236 At
843 3202 891 3250 ego
903 3189 927 3235 in
940 3188 1009 3236 nullo
1021 3188 1087 3237 Cod.
1099 3187 1160 3236 ridi.
1196 3187 1230 3234 Et
1242 3193 1329 3235 noster

229 3252 236 3279 ‘
250 3251 341 3312 eptus'
360 3254 454 3313 possim
471 3259 580 3314 usurpet
591 3251 692 3314 passive
704 3267 751 3313 pro
763 3251 850 3300 vincto
861 3258 889 3300 et
900 3253 1030 3310 colligato.
1050 3251 1139 3300 Id.-8
1155 3251 1242 3299 Pluut.
1254 3251 1328 3300 Poen.

229 3328 249 3362 1.
262 3320 286 3364 1.
297 3320 322 3364 6.
338 3317 345 3344 ⁸
358 3316 459 3365 Quibus
477 3330 525 3376 pro
544 3317 609 3362 bene
628 3313 706 3363 factis
718 3314 803 3363 fateor
814 3315 912 3363 debere
924 3315 971 3364 tibi
982 3323 1010 3364 et
1022 3315 1170 3364 libertatem
1189 3322 1216 3363 et
1233 3315 1327 3362 multas

229 3385 315 3439 gretes
337 3377 452 3440 gratias!
485 3379 527 3426 Sic
537 3376 594 3426 fere
605 3379 670 3426 Mss.
682 3386 710 3427 et
722 3379 788 3427 Edd.
807 3381 879 3426 Vctt.
892 3380 988 3440 Vulgo,
1000 3388 1029 3428 ut
1040 3378 1092 3440 hic,
1100 3385 1200 3438 grutm:
1218 3388 1327 3442 utroque

227 3444 286 3490 loco
297 3441 366 3490 forte
376 3447 458 3502 grates
469 3442 521 3503 leg.
555 3441 742 3502 Cougemiunre
759 3443 826 3491 solet
845 3441 1035 3502 ἰσοδυναμοῦντα,
1053 3451 1082 3492 ut
1093 3443 1206 3492 Trinum.
1217 3457 1256 3491 ιν.
1268 3446 1292 3490 l.
1303 3447 1328 3491 2.

229 3508 237 3534 ‘
250 3507 346 3556 Grates
358 3505 521 3568 gratiasque?
534 3505 613 3554 Wuss.
639 3505 691 3554 Sed
703 3505 762 3554 vide
775 3505 808 3554 ed
819 3507 836 3554 l.
848 3521 867 3554 ι.
880 3522 905 3570 p.
918 3511 959 3554 15.
973 3509 981 3534 ⁴
993 3506 1061 3556 Hinc
1073 3512 1100 3556 et
1111 3507 1190 3556 credo
1199 3507 1327 3566 hercules,

229 3577 257 3619 et
276 3578 363 3635 gretes
381 3570 477 3634 gratias
498 3567 618 3618 memini’
635 3570 745 3620 ond-9
762 3571 820 3620 Pal.
839 3573 924 3620 centu.
944 3569 1034 3620 ld.—l
1052 3571 1083 3619 Iu
1103 3585 1132 3620 re
1150 3569 1229 3629 simili
1243 3571 1327 3620 solent

719 3720 828 3770 NOTAE

229 3835 281 3884 ullo
293 3839 378 3882 temen
388 3832 507 3894 exemplo
517 3831 593 3896 hujus
605 3832 733 3882 vocabuli.
798 3831 879 3886 ,ἔννεπε
893 3832 971 3892 pericu
987 3831 1147 3896 πολύτροπον,
1159 3835 1208 3882 &c
1243 3833 1327 3882 llore-

152 3901 154 3906 ’
261 3910 376 3957 ‘Prisce
386 3906 757 3972 po'e'ticcedioiuusouetor‚lfc.]
798 3908 1325 3972 tirrsrertitiuArtePoie'tics:‘Dicmllri,

230 3983 372 4033 Homerum
399 3985 531 4046 iutelligit,
567 3985 611 4048 qui
637 3985 757 4048 Ulyssem
799 3985 886 4046 Musa,
909 3984 1002 4046 virum,
1023 3991 1109 4048 cepte
1132 3991 1192 4048 post
1210 3991 1326 4046 tempore

230 4059 457 4126 prudentissimum
479 4061 616 4110 ostendere
639 4061 758 4124 cupiens,
799 4061 895 4124 Troje,
908 4061 960 4113 Qui
980 4075 1064 4110 mores
1085 4060 1216 4110 homiuum
1234 4061 1325 4110 multo-

229 4134 376 4199 Odysseem
389 4134 425 4184 sic
441 4135 605 4200 suspicetur:
619 4135 705 4200 Ἄνδρα
720 4152 760 4196 μοι
801 4149 857 4186 rum
869 4136 934 4186 vidit
945 4142 973 4187 et
983 4135 1080 4186 urbes.’
