2922 4826
402 357 762 411 niernuonnuosrou
789 359 860 408 urs.
882 357 939 408 rx.
1152 335 1217 406 587
1304 399 1308 406 ,

115 508 254 592 copules
269 510 434 588 spartum
458 505 597 569 tritura4
620 503 781 567 continua
802 500 998 578 exulcerati,
1014 504 1126 564 costus
1142 515 1219 582 per-

118 619 226 692 petua
249 607 473 691 castigatione
488 606 615 669 ossium
630 610 748 668 tenus⁵
766 601 933 678 mundati,
952 600 1095 683 ungulum
1109 601 1222 665 multi·

118 711 179 774 vin
193 708 475 774 circumcursione
485 705 499 747 ⁶
511 715 524 756 t
539 707 574 770 in
589 724 718 770 enorme
732 704 911 786 vestigium
927 701 1085 785 porrecti,
1098 707 1220 766 totum·

121 830 188 892 quc
216 809 343 875 corium
372 815 532 873 veterno⁷
563 812 666 889 atque
688 806 843 870 scabiosa
867 805 978 868 macie
1001 804 1220 886 exasperati·

121 911 218 974 Telis
246 909 385 990 seruilius
413 909 585 972 funestum
611 907 693 971 mihi
716 906 819 970 etiam
840 913 991 970 metuens
1015 907 1220 988 exemplum,

122 1009 336 1093 ueterisque⁹
360 1010 460 1074 Lucii
479 1010 647 1074 fortunam
668 1008 874 1082 recordatum
891 1013 925 1076 et
939 1007 983 1071 ud
998 1007 1151 1070 ultimam
1167 1025 1222 1072 sn-

123 1112 205 1176 lutis
227 1119 351 1176 metum
373 1111 573 1189 cletrusus,¹q
596 1111 772 1175 summisso
787 1108 900 1192 capite
914 1107 1104 1172 moerebam.
1148 1106 1223 1172 Nec

126 1321 200 1370 tussis
210 1323 306 1386 impetu,
319 1328 415 1387 pertore
428 1325 564 1372 miceam
577 1321 756 1381 mmduofrictu
766 1321 948 1382 nineutijuncei,
957 1326 1034 1370 conas
1042 1321 1143 1369 nudutns
1153 1331 1225 1379 usque

125 1385 160 1432 uei
170 1400 220 1434 osso
230 1388 348 1436 continuis
358 1388 501 1450 saintines,
518 1389 621 1450 ungulas
630 1391 739 1435 extensos
748 1387 775 1434 r'rr
786 1386 889 1448 cesngiu
896 1383 1049 1448 marceniis
1058 1399 1089 1433 ec
1098 1381 1225 1445 multiplici

125 1447 354 1513 circummunitione,
374 1457 494 1514 cutemque
515 1466 604 1500 omnem
624 1450 730 1499 scabram
749 1465 851 1499 memore
866 1454 891 1498 et
906 1447 982 1499 ucesiu
1000 1449 1138 1498 inveteretu-
1171 1447 1225 1507 Ego

125 1515 222 1562 euntem
241 1515 360 1564 miserium
376 1516 436 1564 mihi
455 1515 549 1579 timens,
566 1529 612 1578 qum
629 1514 737 1564 ridebunt
754 1514 820 1563 iilum
828 1513 950 1574 sensilium
967 1511 1088 1577 affectam,
1098 1523 1226 1572 mentorpuc

124 1591 185 1649 mcc
199 1579 420 1642 pristinoescrtunoe
436 1580 492 1627 dunt
504 1594 569 1628 mom
579 1579 675 1636 iusim,
686 1579 810 1642 υἰάιωᾳιιε
819 1593 856 1627 me
866 1579 986 1627 reductum
995 1578 1027 1626 uri
1036 1581 1166 1626 extrenum
1178 1577 1226 1622 ter·-

126 1654 218 1690 murum
228 1658 286 1692 meoe
295 1645 362 1706 or'toe,
372 1644 483 1705 lugebam
492 1643 591 1694 demisso
600 1641 693 1708 capite:
708 1657 782 1706 nsque
799 1644 873 1693 ulium
887 1656 984 1706 prorms
1001 1641 1113 1691 Ιιαὺιῠαω
1124 1639 1227 1690 omne·

588 1783 767 1806 ‘autumn

125 1880 178 1929 -4
192 1878 279 1942 idern,
288 1885 390 1932 tecture.
406 1884 478 1933 Coiv.
510 1883 586 1933 Unde
597 1881 667 1932 forte
679 1888 781 1944 terturn,
797 1889 827 1933 nt
837 1883 845 1910 ⁸
855 1881 1029 1943 termentum,'
1049 1880 1119 1944 sputi
1137 1880 1226 1930 Pisot.

127 1943 255 1992 Bacchid.
277 1961 324 2007 pro
346 1961 387 2009 eo,
405 1948 473 2012 quod
494 1962 563 1997 nrrnc
584 1949 680 1998 dicitur
699 1945 920 2006 ‘detrimentum'
941 1953 1009 1995 teste
1031 1946 1118 1994 Festo.
1135 1945 1226 1996 Brnnt.

127 2006 211 2057 Mete.
242 2009 311 2058 Vide
322 2011 453 2061 Pricaeurn
463 2019 491 2062 et
502 2026 543 2060 me
560 2011 593 2060 ed
606 2011 650 2062 lib.
659 2024 710 2060 vn.
723 2026 748 2072 p.
759 2015 815 2060 ltt.
832 2019 840 2039 ¹
853 2010 1025 2060 conterebam
1037 2007 1163 2072 ungulus!
1193 2009 1226 2058 ln

129 2071 247 2121 Florent.
261 2080 351 2135 sporta.
370 2075 488 2126 Oud.—5
505 2076 591 2136 idem,
604 2077 690 2125 ossium
699 2076 784 2124 tenuis.
800 2073 912 2125 Cottius.
945 2075 1010 2124 Cum
1021 2071 1108 2123 Gueif.
1119 2079 1227 2135 utroque

129 2135 181 2184 Et.
193 2135 253 2185 Alci.
263 2152 348 2186 ossum.
365 2139 483 2189 Oude-ti
499 2141 540 2189 De
553 2141 629 2189 seinis
639 2140 720 2198 dictu,
753 2140 776 2187 ui
788 2139 924 2202 multipiici
934 2138 1043 2188 circuitu
1054 2138 1136 2186 moins
1147 2137 1227 2185 intor-

128 2199 256 2275 quebant,
266 2204 401 2274 utsoient,
412 2204 438 2251 in
450 2204 568 2267 pistrino·
601 2205 688 2256 Quare
699 2155 853 2264 scribebum,
870 2203 1040 2252 circumitione.
1056 2202 1226 2251 stewechius.

128 2261 214 2338 idem,
224 2278 251 2312 tn
261 2266 353 2314 ultimo.
386 2267 440 2316 Pro
451 2267 625 2317 circumcisione
635 2268 721 2316 malint
732 2267 933 2327 circumcursione,
950 2269 972 2315 si
989 2266 1051 2330 quid
1068 2265 1228 2327 mutandum,

128 2327 157 2374 sd
171 2329 240 2391 quort
253 2329 354 2390 quidum
367 2340 468 2394 potunt.
500 2333 544 2380 Sic
561 2332 686 2380 ‘multivii
697 2330 839 2393 circuitun,'
855 2346 931 2394 supra
943 2332 990 2380 hoc
1001 2331 1058 2392 ipso
1069 2329 1144 2378 libro.
1160 2330 1227 2378 Coie.

130 2391 203 2454 Lege
214 2392 384 2451 circumitione,
403 2398 443 2444 vei
454 2395 603 2445 circuitione.
634 2396 662 2445 Si
673 2396 741 2444 eninr
754 2396 911 2444 circumcise
924 2395 1035 2458 ungule,
1052 2409 1103 2443 non
1115 2393 1228 2457 porrecti

130 2455 194 2504 muli
202 2455 232 2531 in
246 2471 349 2507 enorme
361 2461 507 2536 uestigium,
524 2460 570 2508 sed
582 2461 607 2508 in
619 2460 697 2522 exile,
717 2460 859 2520 imminutae
877 2460 966 2536 titique
978 2460 1111 2534 unguite..
1130 2459 1229 2534 Quare,

131 2530 641 2650 titumtttittittittt,tiit‘tt
652 2524 1229 2652 tziltii‘tttiiittittt‘lttpt'tt

132 2648 217 2722 libro:
235 2647 273 2762 Sp.
284 2654 340 2699 18³.
355 2652 403 2701 Eri.
416 2652 500 2716 Pric.)
511 2654 518 2682 ‘
529 2652 660 2702 rnutttvios
671 2650 807 2702 circuitus'
819 2652 931 2702 dixerut.
945 2652 1048 2701 Wouoer.
1082 2651 1230 2700 Circumcur·

132 2723 204 2762 sione.
253 2721 281 2762 te
291 2715 350 2778 lego
362 2730 420 2764 cum
434 2718 502 2766 Flor.
536 2717 568 2765 lu
580 2717 690 2776 vulgetis
702 2724 752 2776 est,
763 2716 952 2774 circumcisione;
968 2716 993 2763 iu
1005 2715 1071 2776 nilis,
1084 2714 1231 2764 circuitione.

134 2775 347 2829 Eimenhorstius.
379 2781 465 2830 Puiut.
474 2796 575 2846 quoque
586 2781 612 2829 in
622 2782 716 2839 thimo,
729 2781 819 2828 iisdem
838 2781 938 2830 scilicet
955 2780 1086 2828 iitersrrun
1099 2778 1229 2828 ductibus.

136 2840 249 2891 out-t
270 2842 380 2894 Veterum.
418 2845 513 2908 Vulgo,
530 2850 633 2894 veterno.
676 2845 786 2905 Vaterno,
807 2843 833 2892 id
854 2851 903 2906 est,
925 2852 1071 2900 veternose,
1090 2845 1231 2905 elegentes.

136 2904 202 2954 Colo.
239 2905 347 2956 Veterno.
361 2908 418 2956 Pei.
435 2911 568 2958 octennium.
596 2909 825 2970 eotvtusmeterm.
842 2909 1006 2957 elmenh-s
1023 2909 1089 2958 an.
1106 2921 1231 2969 excepero·

134 2973 194 3017 turn.
212 2967 302 3020 Iri-9
319 2971 402 3021 Abest
413 2976 503 3035 copula
513 2989 528 3022 s
540 2973 638 3023 D'Orr.
657 2974 768 3022 one-1
781 2974 820 3022 Ad
831 2972 915 3020 ultimo
926 2973 1009 3022 salutis
1020 2988 1056 3021 me
1069 2974 1163 3020 tondens
1179 2976 1232 3018 tru-

133 3045 194 3106 sum.
224 3033 259 3108 ld
279 3050 294 3082 u
311 3035 437 3084 Purisien.
452 3045 480 3086 et
495 3039 551 3101 ipso
562 3037 629 3086 adeo
642 3037 833 3099 vigiisutissimo
846 3037 990 3099 interprete
1002 3038 1040 3085 ite
1050 3037 1168 3085 relictum
1179 3047 1232 3082 rne·

133 3105 187 3144 rito
197 3098 307 3146 mireris.
339 3101 406 3149 Vide
418 3115 478 3149 num
491 3107 563 3151 recte
574 3101 754 3150 emucnlurimz
771 3106 794 3148 et
806 3101 837 3147 uui
845 3101 953 3148 uitirnom
962 3101 1047 3148 salutis
1056 3105 1140 3148 metum
1150 3101 1230 3146 detru-

132 3173 183 3234 sus.
218 3162 289 3210 Alibi
299 3171 371 3212 certe
380 3167 421 3214 hic
432 3174 526 3215 auctor
537 3165 683 3229 periphrasi
692 3164 834 3228 usurpabat
843 3167 851 3188 ⁴
861 3164 976 3212 ultimum
992 3163 1045 3212 divi
1056 3161 1170 3221 metsm,'
1186 3161 1231 3210 lib.

135 3223 258 3274 videlicet
280 3227 379 3276 decimo
399 3238 524 3279 extremo.
556 3229 653 3278 Itidem
675 3229 759 3276 ‘vitun
782 3225 881 3276 metes’
898 3227 974 3288 dixit,
997 3226 1042 3276 lib.
1058 3241 1096 3276 rv.
1115 3226 1230 3275 Stemech.

132 3287 201 3338 Fun.
219 3294 242 3336 et
251 3291 283 3338 ori
293 3292 400 3340 uttinmns
410 3309 430 3343 s.
440 3309 498 3342 rneoe
508 3299 599 3343 trusum
608 3293 720 3344 submisso
731 3308 753 3341 c.
765 3307 795 3341 m.
829 3291 919 3351 Forte,
935 3296 958 3340 et
976 3293 1007 3340 ud
1024 3293 1134 3339 ultimum
1144 3304 1164 3339 s.
1174 3305 1233 3338 rneoe

135 3356 217 3401 trusus
231 3353 344 3403 mimium
360 3357 438 3420 cupite
453 3373 485 3407 nr.
519 3358 591 3407 Alius
608 3372 655 3421 pro
670 3362 762 3406 murum
776 3354 889 3406 submisso
899 3355 1036 3419 legebatur
1046 3354 1232 3405 irmsuimisso.

631 3485 737 3537 NO'l'AE

169 3583 181 3607 ⁰
198 3575 295 3640 Copuioe
307 3579 420 3642 sporteae]
444 3581 539 3645 Suprn,
555 3581 665 3632 helcium
705 3581 798 3631 onibus
809 3581 912 3630 humum
924 3580 1049 3644 pulsando
1062 3585 1232 3642 experrectus

137 3653 665 3722 ettaeniumspurtsumdisit,qumununc
705 3655 794 3715 fuisse,
810 3663 838 3706 et
849 3658 981 3717 dilatatus,
1001 3668 1084 3719 neque
1102 3655 1169 3703 euim
1180 3653 1233 3704 t'er·

140 3729 268 3790 copulem.
706 3732 757 3781 rein
768 3731 844 3780 soleis
854 3731 879 3779 in
892 3731 1003 3794 pistrino
1014 3730 1120 3779 munitm
1133 3739 1217 3780 erunt.

170 3810 183 3844 Ρ
202 3803 414 3869 Circumcursione]
436 3807 664 3869 sternendarum
737 3816 750 3850 t
767 3807 930 3855 sencinum
946 3807 1031 3855 solutis
1050 3811 1136 3855 metum
1152 3809 1233 3856 detru-

137 3879 253 3940 Pricaeo,
271 3887 299 3928 et
312 3881 413 3932 Ccirio.
447 3883 584 3948 Piereque
605 3884 665 3932 edd.
705 3879 757 3942 ms]
773 3881 816 3929 Sic
832 3882 900 3943 lego,
919 3881 1056 3930 stewechii
1075 3881 1234 3932 emendatio·

140 3954 427 4006 hubentcircunrcisione.
459 3958 618 4008 stewechius
627 3973 667 4008 re·
706 3971 764 4006 nem
776 3965 888 4010 secutus.
920 3958 951 4006 ln
968 3957 1088 4006 Beronidi
1103 3957 1235 4022 Editione,

141 4033 215 4095 ponit
225 4035 396 4096 circumitione,
411 4035 480 4099 qood
489 4037 609 4100 congruit
620 4037 667 4086 eti·
707 4035 739 4082 m
755 4031 840 4082 rhime
857 4033 942 4080 solutis
963 4047 999 4081 rne
1020 4034 1114 4082 tentem
1133 4039 1234 4085 trucum.

140 4121 190 4158 nto.
222 4109 554 4175 Vultuutenrhieungnius
567 4113 668 4176 jumen·
709 4108 820 4170 lipsius,
837 4107 932 4156 Coelius
958 4107 1124 4170 Rhodiginus,
1143 4117 1170 4157 et
1190 4110 1234 4157 siii

143 4189 225 4233 torum
237 4185 337 4235 iliorum
348 4186 474 4237 multiviis
494 4187 670 4238 chcomcursi·
709 4189 809 4238 metunt
829 4200 876 4250 pro
894 4186 1012 4249 detrusus,
1029 4186 1124 4249 tems,
1136 4185 1233 4250 ubsque
