2922 4826
399 369 758 422 METAMORPHOSBON
786 371 856 418 biit.
879 369 934 417 IX.
1146 359 1211 426 581

106 517 245 582 mento⁶
269 516 368 580 etiam
383 514 535 580 enimto⁷
562 511 687 577 affatim
702 517 871 588 onustum,
888 530 949 594 per
961 511 1044 576 iter⁸
1067 515 1211 580 arduum

106 619 256 700 scrupiS,
273 626 307 682 et
320 616 550 700 hujuscemodi
573 615 756 698 stirpibus⁹
771 615 943 690 infestum,
961 613 1004 677 ad
1019 615 1210 697 pistrinum,

108 721 205 804 qnod
229 721 421 795 exercebat,
444 719 607 800 perducit.
651 717 705 782 Ibi
719 718 966 799 complurium¹
983 715 1210 798 jumentorum

107 821 276 885 multivii²
293 821 451 884 circuitus
465 818 702 900 intorquebant
715 818 822 882 molas
833 819 974 898 ambage
987 817 1088 880 varia.
1133 817 1167 882 N
1169 839 1209 884 ec

108 923 166 986 die
181 928 321 998 tantum,
344 942 456 986 rernm
479 922 629 1004 perpeti³
654 921 755 984 etiam
776 924 884 994 nocte,
904 938 1042 1002 prorsus
1056 921 1209 984 instabili

107 1025 336 1100 machinarum
358 1025 517 1104 vertigine
545 1022 763 1086 lucubrabant
791 1021 1009 1103 pervigilem4
1044 1020 1211 1084 farinatus

109 1126 179 1188 Sed
194 1127 285 1202 mihi,
300 1147 341 1190 ne
356 1126 601 1189 rudimentnm⁵
623 1123 750 1188 servitii
765 1122 1050 1205 perhorrescerem
1066 1123 1209 1200 scilicet,

107 1247 216 1298 novns
232 1225 409 1292 dominns⁶
430 1229 518 1303 loca,
542 1227 693 1292 lautierr
715 1225 844 1308 prolixe
865 1224 1020 1306 praebuit.
1061 1224 1100 1288 N
1103 1245 1157 1290 arn
1173 1231 1209 1290 et

109 1415 254 1475 quodetiam
272 1418 455 1476 comparaverat,
472 1411 565 1460 deducit
579 1425 623 1472 per
637 1411 700 1459 mam
715 1411 862 1470 salebram,
874 1416 898 1458 et
908 1410 1012 1458 scabrum
1022 1410 1097 1458 omnis
1113 1411 1208 1471 gennis

107 1477 236 1538 radicibus,
247 1478 450 1536 admalendinnrn‚
467 1478 506 1524 cui
523 1491 616 1537 operum
632 1475 711 1523 dabat.
750 1475 806 1522 Illic
823 1475 924 1536 plurima
936 1475 1046 1533 jumenta
1063 1489 1106 1536 per
1122 1476 1208 1522 multos

105 1558 180 1606 gyrus
195 1544 321 1590 incedenda
338 1541 526 1601 circumagebant
543 1539 616 1588 mulas
631 1539 730 1588 diuersis
747 1539 894 1588 circuitibus.
937 1540 1020 1601 Neque
1035 1541 1109 1588 mtrem
1120 1541 1149 1586 de
1159 1537 1207 1600 die,

107 1607 147 1654 sed
157 1621 201 1668 per
211 1612 286 1656 totam
296 1607 368 1654 etiarn
377 1611 467 1654 nectem
482 1607 610 1665 vigilantes
628 1603 780 1667 conjiciebant
791 1602 901 1661 farinam
912 1605 943 1650 ad
961 1605 1078 1650 lucernam
1093 1607 1207 1664 perpetua

106 1671 225 1719 rotatione
235 1673 356 1719 rubrum.
388 1669 438 1718 Sed
447 1683 520 1718 nonus
527 1670 566 1718 ille
576 1668 683 1717 dominus
693 1683 728 1716 me
738 1669 866 1717 lautissime
876 1667 976 1730 excepit,
988 1683 1017 1716 ne
1028 1666 1207 1726 reforrnidarem

568 1819 750 1840 ”Mestum

108 1922 155 1965 tor.
173 1916 287 1965 Celsius.
320 1916 354 1964 Et
367 1915 435 1964 l’itln
454 1917 568 1966 ond-n
584 1917 636 1965 Ms.
645 1921 782 1966 abnuente
799 1917 904 1980 Sciopp.
918 1918 945 1965 in
955 1917 1087 1980 Symbola.
1124 1917 1206 1966 Etiam

103 1982 180 2039 snm.
193 1981 259 2028 Edd.
271 1987 332 2028 ante
342 1981 416 2030 Colv.
434 1978 458 2027 Α
471 1981 540 2028 Pitlr.
549 1979 577 2028 ri
587 1981 694 2038 etiamn
709 1983 793 2029 Palat.
811 1981 884 2028 abest
897 1981 1027 2040 frumento.
1060 1983 1124 2029 Τιιιιι
1136 1996 1207 2029 enus-

110 2038 160 2092 t'arn
171 2045 258 2093 Oxon.
276 2046 387 2094 oud-⁷
405 2044 475 2092 Pitln
486 2050 604 2106 concepto.
622 2044 712 2093 Id.-8
729 2045 811 2100 Idem,
819 2046 920 2106 pariter.
938 2046 1012 2094 Golv.
1036 2045 1103 2094 ltem
1116 2044 1204 2094 ouen.
1299 2077 1301 2084 ι

109 2109 196 2166 ambo,
209 2109 317 2156 Oxona
329 2124 361 2157 ro.
374 2122 413 2169 pr.
425 2115 453 2156 et
464 2109 513 2156 Ed.
528 2110 599 2158 Rom.
617 2109 738 2157 Correxit
750 2110 805 2172 jam
823 2108 944 2158 Beroald.
961 2125 1019 2159 cnm
1039 2110 1088 2159 Ed.
1101 2111 1207 2158 vicent.

111 2173 225 2221 Onu—9
241 2171 324 2220 Aliud
331 2181 372 2221 est
382 2175 390 2201 ‘
401 2171 500 2234 stirps,'
509 2173 596 2221 alind‘
607 2173 735 2235 scrupus!
765 2173 917 2236 Legendnm
928 2173 1206 2236 opinoreqieeqnentsdi.

109 2237 137 2284 1..
151 2251 181 2286 ιι.
198 2239 238 2299 (p.
249 2237 304 2297 58.)
320 2238 328 2264 ‘
342 2237 433 2298 Raptis
446 2237 641 2300 cujusquemodi
653 2237 908 2301 telisinseqnnntnr.'
928 2239 1008 2288 Wass.
1042 2239 1085 2288 Ob
1098 2238 1207 2286 eundern

109 2315 212 2348 cnrrsanr
229 2301 285 2362 jam
296 2301 356 2349 olirn
376 2302 413 2348 sic
428 2301 540 2364 conjecit
551 2302 688 2350 Piccartus
699 2302 785 2351 Per-ic.
798 2303 864 2352 Crit.
876 2317 898 2350 e.
910 2306 950 2350 la.
984 2303 1066 2351 lnrrno
1078 2303 1156 2351 tacite
1167 2318 1206 2350 cu·

101 2364 230 2422 juscemcdi
241 2365 324 2414 edidit
334 2364 462 2413 Floridns.
474 2366 539 2414 Mss.
552 2374 639 2414 tamen
651 2365 712 2414 nitril
722 2367 832 2427 variant,
842 2367 889 2414 nisi
905 2366 972 2430 qnod
983 2367 1009 2414 in
1021 2368 1108 2417 Oxon.
1121 2367 1154 2414 sit
1166 2367 1208 2414 bu·

102 2428 217 2486 jusnmdi.
252 2428 302 2476 Adi
322 2431 354 2476 ad
375 2445 400 2492 p.
422 2433 478 2478 177.
511 2429 1206 2494 ScrupraGnelt.pr.0na.-11dem,compturimum.

110 2493 226 2542 Colrins.
259 2495 294 2542 Et
311 2492 398 2542 Guelf.
411 2508 464 2543 sec.
485 2495 598 2544 Oua—2
615 2495 701 2544 Pelet.
720 2493 808 2544 Guelf.
828 2508 881 2543 sec.
903 2503 930 2543 et
950 2495 1081 2544 D'Orvill.
1099 2497 1206 2543 multum.

109 2556 167 2604 Pal.
184 2557 341 2620 intorquebat.
358 2556 449 2607 Guett.
465 2573 504 2620 pr.
517 2559 603 2608 Onon.
615 2573 631 2606 a
641 2573 675 2608 m.
688 2573 728 2621 pr.
743 2561 887 2620 etinmtorq.
905 2559 983 2608 meles.
1016 2558 1047 2606 In
1061 2558 1132 2608 Pitlr.
1144 2572 1208 2620 qno·

110 2635 159 2682 qne
171 2623 249 2669 meles.
266 2621 356 2670 ret-³
376 2621 418 2670 ΑΙ.
428 2623 544 2684 perpetim
552 2639 574 2671 c.
587 2637 612 2672 n.
624 2623 658 2671 V.
671 2623 703 2672 D.
719 2623 751 2670 ad
766 2637 845 2686 marg.
861 2623 909 2671 Ed.
923 2623 980 2670 Vic.
1014 2623 1049 2672 Et
1070 2623 1107 2672 sic
1125 2622 1207 2670 estin

109 2684 172 2732 Fur.
191 2687 263 2747 Perp.
275 2687 299 2734 in
311 2691 377 2735 nocte
388 2686 460 2734 Pitlr.
471 2687 514 2750 qui
526 2695 599 2736 caret
615 2689 650 2750 τῷ
658 2701 760 2748 prorsus.
778 2687 866 2736 let-t
883 2687 1039 2747 Pervigilem.
1052 2687 1095 2736 Ila
1106 2686 1208 2736 Bertin.

110 2749 203 2812 Vulgo,
218 2751 368 2812 peruigilem.
403 2751 509 2798 Plautus
525 2752 604 2800 etiarn
622 2753 769 2800 ‘Venerem
787 2759 867 2800 noctu
878 2751 998 2814 vigilam'
1016 2750 1092 2814 dixit,
1104 2751 1208 2800 Currcnl.

111 2812 202 2876 Scinpp.
220 2815 246 2862 in
266 2814 346 2875 Symb.
364 2819 387 2864 et
403 2815 473 2876 Suep.
492 2816 521 2864 L.
535 2830 561 2864 v.
572 2819 612 2864 23.
624 2816 698 2864 Bert.
715 2816 864 2878 pervigilum.
882 2817 999 2864 Elmenh.
1026 2817 1117 2864 Citant
1129 2816 1208 2863 etiam

111 2890 143 2924 ex
160 2879 260 2927 Seneca
279 2879 328 2940 Ep.
347 2891 471 2928 nxxxrrr.
503 2880 680 2928 ‘Brevissimo
699 2895 789 2928 somno
811 2888 879 2940 utor,
901 2888 929 2928 et
951 2880 1023 2944 quasi
1042 2877 1207 2944 intervigilo.⁸

110 2941 170 3001 Sed,
183 2951 359 3006 praeterquam
372 2942 486 3005 quodibi
499 2944 584 3006 potius
596 2945 630 2993 sit
643 2944 714 2992 verbi
731 2945 812 3008 prima
823 2958 942 3006 persona,
953 2959 1028 3008 qnam
1040 2944 1207 3007 adjectivum,

112 3005 212 3066 Lipsius
224 3022 239 3056 e
250 3007 314 3055 Mss.
326 3008 390 3070 legit
399 3007 541 3069 interpungo.
577 3009 674 3058 Noster
693 3008 727 3056 de
747 3007 845 3057 Mundo
862 3024 888 3070 p.
900 3013 958 3057 ⁷³9.
991 3009 1104 3056 ‘Tutela
1124 3009 1209 3070 perui·

111 3069 172 3130 gili!
204 3070 292 3119 Guelf.
314 3087 353 3134 pr.
366 3072 494 3133 samperc.
513 3072 631 3120 θιὼ-5
649 3072 734 3134 idem,
751 3072 778 3121 S.
795 3073 850 3119 tium
861 3071 1039 3121 erudimentum.
1057 3073 1129 3120 Colv.
1163 3072 1208 3120 sic

110 3134 186 3181 etiarn
197 3136 263 3197 Reg.
278 3136 341 3185 an.
354 3135 410 3184 inc.
421 3135 521 3185 D’Orv.
535 3135 624 3185 Gnelt‘.
636 3137 720 3193 ambo,
732 3143 758 3184 et
768 3137 851 3184 Pelet.
868 3136 897 3184 S.
906 3138 962 3184 dum
970 3137 1036 3185 erud.
1047 3135 1134 3184 Oxou.
1147 3149 1162 3182 a
1174 3149 1208 3183 m.

111 3212 150 3258 pr.
163 3199 190 3248 S.
202 3201 258 3246 dum
273 3201 326 3248 rad.
360 3200 401 3248 An
415 3197 466 3247 fnit
479 3200 526 3249 Sed
540 3206 609 3249 tum?
624 3214 657 3248 eo
672 3215 708 3250 sc.
722 3199 772 3248 die.
799 3199 874 3248 mam
892 3200 930 3248 dis
945 3200 1050 3261 sequenti
1066 3198 1207 3246 matutinus

111 3263 185 3310 molae
204 3263 327 3311 nstitutus
344 3269 392 3313 est.
425 3265 553 3312 Lucienus
570 3263 609 3314 nul
627 3261 683 3313 rire
700 3262 752 3324 μέν.
785 3263 845 3326 Vel,
860 3262 909 3312 Sed
925 3264 967 3320 mi,
983 3277 1013 3311 nc
1030 3277 1052 3311 r.
1071 3276 1120 3326 pro
1140 3263 1210 3312 mibi.

110 3326 176 3374 Vide
189 3327 223 3373 ad
234 3327 251 3374 l.
262 3339 293 3374 ιι.
306 3341 332 3387 p.
343 3331 384 3374 at.
403 3329 516 3376 Onu—e
535 3329 570 3377 N.
582 3329 671 3378 scilicm
681 3330 707 3377 d.
726 3329 795 3377 Flor.
810 3335 838 3376 et
855 3328 928 3376 Bere.
946 3327 1054 3376 Elrnenb.
1088 3325 1170 3376 Immo
1182 3328 1208 3376 in

112 3390 159 3437 illis
170 3391 236 3438 Mes.
247 3391 309 3438 item
322 3390 469 3450 pithoeano,
485 3407 534 3440 vox
553 3393 643 3441 scilicet
661 3392 730 3440 illico
742 3392 906 3456 subjungitur
917 3391 1014 3438 rerbo‘
1028 3391 1209 3453 perhorresce·

112 3453 181 3515 renr,’
201 3460 230 3502 ut
241 3453 314 3502 edidi
325 3469 382 3502 curn
398 3455 536 3514 Scriverio,
556 3455 754 3517 astipulantibus
767 3456 833 3504 Edd.
844 3456 947 3503 Vicent.
957 3455 1008 3514 sed,
1018 3462 1044 3504 et
1055 3455 1128 3506 Junt.
1141 3463 1208 3518 post.

111 3518 137 3565 in
149 3533 198 3581 qna
208 3533 229 3566 s.
240 3519 265 3566 ld
278 3525 328 3579 est,
342 3518 446 3566 scilieet:
462 3524 492 3565 nt
505 3517 612 3566 vidimus
629 3518 778 3581 saepissime,
793 3525 820 3566 et
837 3517 958 3580 frequens
975 3533 1032 3567 esse
1051 3519 1209 3568 additamen-

112 3591 163 3630 tnrn
175 3583 314 3645 Appuleio.
338 3581 452 3645 Respice
464 3582 496 3629 ad
508 3582 524 3630 l.
537 3596 580 3630 ιιι.
593 3598 617 3645 p.
629 3587 670 3632 bl.
690 3583 802 3631 Osa—⁷
819 3582 882 3630 luca
893 3583 977 3632 taurim
988 3583 1066 3644 Vnig.
1077 3584 1127 3630 ioca
1137 3584 1208 3632 tauti-

111 3647 154 3696 tia.
183 3647 311 3698 Notaturn
330 3646 379 3696 hoc
397 3661 482 3710 snpra.
500 3647 566 3696 Calc.
598 3647 661 3698 lacu
679 3662 707 3696 ac
726 3647 809 3696 lautia.
833 3647 902 3695 Flor.
920 3649 970 3694 toea
989 3648 1072 3696 lautia
1091 3647 1209 3696 Elrnenlr.

609 3791 716 3842 nors
789 3847 794 3856 ,

143 3889 444 3953 ⁰Pernigitentfaninnm]
462 3882 640 3952 Metonymiee
712 3889 813 3952 rimu,
831 3887 906 3936 mutia
927 3887 957 3950 [t.
968 3887 1035 3949 aci]
1059 3885 1104 3935 Sic
1122 3885 1209 3950 legen·

113 3965 209 4016 dictnm
220 3968 406 4016 ‘lucubrabant
418 3966 568 4030 pervigilem
580 3964 639 4014 iari-
680 3965 740 4013 dnm
756 3971 806 4026 est,
816 3977 866 4012 non
882 3964 932 4010 loca
949 3963 1033 4010 asta.
1065 3961 1133 4012 Vide
1150 3975 1208 4025 qnae

112 4043 188 4106 narn,'
200 4059 257 4107 pro,
267 4043 407 4107 pervigiles
421 4042 592 4091 lucubrabant
603 4039 640 4088 t's·
680 4039 792 4088 diximus
813 4038 845 4087 sd
864 4036 955 4086 eadem
976 4035 1064 4100 verbs,
1085 4037 1111 4087 in
1132 4040 1208 4089 Notis

114 4119 201 4167 rinam.
233 4121 282 4168 Est
305 4125 392 4166 antem
413 4117 585 4168 ‘lnonbrere’
606 4117 639 4166 ad
680 4117 781 4170 libris.

113 4196 243 4246 lacernam
256 4195 352 4262 aliquid
365 4193 462 4246 iacere.
