2922 4826
210 326 300 402 ι59ιὲ
539 323 554 354 ”
708 337 862 390 trunam

235 501 345 549 mores
372 481 601 566 ampliaverat.
647 481 739 546 Nem
763 489 798 546 et
820 481 959 546 assiduo
979 481 1081 563 plane
1096 487 1335 548 commeantem

235 587 272 648 in
300 583 374 668 ejus
402 585 592 648 cubiculum
619 585 787 666 quendam
822 586 1006 648 sentiebam
1033 585 1204 668 juvenem,
1235 585 1335 668 cnjus

234 685 328 770 [187]
353 694 388 750 et
408 686 529 750 faciem
553 685 667 750 videre
682 688 859 769 cupiebam
875 707 919 750 ex
935 706 1066 751 summo
1081 685 1211 766 studio;
1239 687 1269 750 si
1284 695 1335 750 ta·

232 807 307 851 men
332 787 559 852 ..velamentum
591 787 714 869 capitis
741 788 926 854 libertatem
949 789 1123 852 tribuisset
1146 789 1230 852 meis
1251 789 1335 852 alio·

232 889 314 971 quin
326 889 538 956 luminibus.4
582 887 617 952 N
618 909 658 954 sc
681 890 769 952 enim
790 891 871 954 milri
888 891 1026 955 solertia
1039 890 1203 954 defuisset
1218 890 1262 954 ad
1277 891 1334 954 do·

232 991 396 1072 tegenda⁵
424 1010 561 1074 quoquo
589 991 689 1056 modo
718 993 879 1074 pessimae
905 993 1057 1058 foeminas
1083 992 1220 1074 flagitia.
1264 994 1334 1060 Sed

232 1090 342 1158 anus⁶
367 1092 536 1174 quaedam,
556 1095 661 1176 stupri
684 1100 911 1176 sequestra,⁷5
930 1102 965 1158 et
979 1095 1219 1159 adulteriorum
1235 1096 1335 1162 inter.-

231 1193 369 1271 nuntia,⁸
393 1193 436 1258 de
450 1195 505 1258 die
521 1196 673 1278 quotidie
694 1197 958 1278 inseparabiliter
982 1198 1113 1262 aderat.
1158 1197 1243 1261 Cum
1266 1217 1335 1280 qua

232 1295 383 1378 protinus
402 1297 602 1380 jentaculo,¹
626 1317 667 1361 ao
687 1296 809 1360 debinc
821 1303 835 1332 ²
860 1299 939 1362 vino
955 1317 1047 1362 mero
1063 1298 1187 1362 mutuis
1202 1299 1336 1363 uicibus

233 1397 381 1476 velitata,
396 1417 517 1463 scenas
531 1399 780 1463 fraudulentas³
792 1407 805 1433 ¹
825 1399 860 1463 in
876 1399 1017 1463 exitium
1032 1400 1209 1463 miserrimi
1225 1402 1335 1466 mariti

233 1613 394 1661 curiositatem
403 1617 435 1662 ad
445 1613 517 1676 ipsias
527 1626 601 1662 mares
611 1611 772 1662 obseruanda.
806 1609 940 1660 Seutieburr
956 1611 1020 1660 esim
1034 1612 1147 1673 quadum
1158 1611 1270 1671 J'rroeuem
1280 1623 1336 1671 prro

234 1677 399 1750 tidieprorms
411 1677 604 1724 transmarimis
616 1678 665 1736 ejus
675 1675 814 1736 cubiculum,
830 1675 899 1736 serim
916 1675 987 1724 dmm
1004 1678 1094 1724 salim
1110 1675 1259 1738 stupidissima
1269 1677 1337 1734 epta·

235 1740 288 1790 bam
298 1741 430 1802 inspicere;
448 1741 469 1788 ri
486 1747 565 1789 tamea
577 1741 667 1800 sarcia,
686 1755 733 1801 poa
748 1740 850 1787 murem
860 1745 912 1788 erat
924 1738 1238 1802 mancaepammus
1248 1736 1338 1798 alioqui

233 1805 292 1852 meu
303 1805 376 1852 acriis
385 1805 521 1853 bbertutem
528 1804 605 1867 ipsius
615 1803 719 1852 uideam.
754 1804 818 1850 Num
828 1803 889 1852 sotis
898 1803 1034 1852 rabaam
1043 1804 1185 1865 sagacitatis
1195 1804 1227 1850 ad
1236 1799 1339 1849 erbnisu

235 1868 383 1931 aequissimas
404 1869 725 1931 mulierispuamudocrrmqae
742 1867 879 1928 detegenda.
912 1867 948 1915 Ar
963 1869 1041 1916 mtrrla
1060 1870 1167 1930 queam
1185 1865 1337 1915 enarrate

234 1933 355 1993 adulterii,
367 1937 390 1981 et
402 1933 550 1981 internuncia
568 1932 716 1994 mariarum,
734 1931 837 1991 angam
855 1929 936 1980 diebus
951 1931 998 1992 ipsi
1017 1933 1110 1980 astabat
1127 1929 1338 1980 romesiadisidrru

231 2011 277 2058 per
287 1997 365 2044 diem:
384 2013 436 2045 eum
446 2012 490 2058 qua
503 1997 720 2058 primumJ'errturrs,
731 2010 759 2042 ar
769 1996 852 2044 danda
863 1995 962 2043 usmis
971 1995 1062 2043 uicibus
1073 1996 1153 2043 cirtam
1163 2009 1253 2042 rurum
1263 1997 1338 2040 certa

234 2060 277 2108 tim
284 2065 379 2123 potans,
390 2061 555 2119 fraudulentis
571 2059 709 2119 ambagibus
724 2059 876 2107 emerammi
887 2060 977 2108 dolosos
987 2063 1116 2122 apparatus
1125 2059 1152 2107 ia
1159 2056 1289 2122 perniciem
1301 2057 1338 2104 is·

694 2201 874 2222 ‘mom

234 2299 274 2349 Ut
283 2314 362 2364 supra
373 2300 478 2364 saepins.
496 2300 629 2350 Gramaam
638 2298 739 2350 D'Orr.
756 2301 871 2350 Osa—t
887 2301 983 2364 Vulgo,
993 2300 1125 2363 ulianam.
1137 2297 1250 2348 Colriue.
1260 2298 1337 2348 Rom.

234 2378 268 2412 m.
280 2366 412 2427 aliqrrmrdo.
423 2365 541 2414 Elmenh.
569 2365 628 2414 Non
641 2365 722 2414 solum
734 2365 782 2414 Ed.
794 2365 869 2414 Rom.
882 2366 929 2413 sed
941 2379 1028 2414 omnes
1039 2371 1100 2413 ante
1112 2363 1228 2412 Colrinrn
1239 2363 1338 2412 babent

234 2428 362 2490 aliquando
374 2443 431 2478 cunr
445 2431 509 2478 Mes.
522 2429 610 2478 Oxon.
630 2429 696 2478 Fur.
707 2429 778 2478 Prtn.
789 2428 879 2478 Guelt.
891 2443 931 2491 pr.
964 2430 1062 2478 Verum
1074 2429 1100 2476 ia
1112 2427 1208 2476 ceteris
1219 2427 1283 2475 Mas.
1296 2433 1339 2475 est

234 2493 349 2555 amputa.
384 2493 460 2545 Quod
472 2499 561 2542 tamen
572 2493 633 2542 milri
646 2492 688 2542 bic
700 2499 850 2554 suspectum
862 2501 917 2554 est;
934 2495 975 2542 rel
991 2501 1064 2542 certe
1083 2491 1244 2554 adjectivum
1256 2491 1337 2554 qrrod·

235 2557 304 2618 darn,
317 2565 345 2605 nt
357 2559 466 2617 curiosis,
477 2559 518 2606 vel
530 2557 612 2606 simile
624 2556 709 2606 deest.
741 2557 785 2606 Sic
796 2558 864 2605 enim
875 2561 943 2606 solet
953 2557 1025 2606 alibi.
1058 2555 1126 2604 Vide
1139 2556 1171 2604 ad
1183 2556 1200 2603 l.
1212 2569 1242 2603 ιι.
1256 2569 1283 2616 p.
1296 2559 1339 2602 2⁰.
1363 2611 1368 2622 ¹

235 2627 264 2669 et
276 2622 433 2670 sexcenties.
453 2623 565 2670 Oua-5
582 2622 641 2670 Ver.
658 2621 684 2670 ia
702 2622 838 2681 digerenda.
860 2622 974 2670 Celsior.
994 2620 1096 2670 D’Orv.
1113 2635 1134 2668 s.
1151 2622 1178 2668 d.
1196 2616 1338 2679 detegendo,

235 2684 302 2733 Fur.
314 2683 402 2734 Gnelf.
414 2687 498 2746 arnbo,
511 2685 598 2734 Onon.
609 2701 625 2733 a
635 2699 670 2733 m.
683 2699 723 2748 pr.
739 2685 822 2733 Palat.
834 2699 854 2733 s.
865 2687 924 2734 diri
934 2687 1073 2746 detegenda.
1095 2685 1153 2732 Nec
1162 2684 1236 2732 male.
1254 2683 1344 2731 Usnnr

235 2748 304 2796 enim
317 2755 344 2797 et
356 2748 433 2796 finem
444 2749 501 2797 lraec
513 2749 663 2812 praepositio
675 2749 767 2796 millies
779 2748 916 2809 significat.
951 2749 1028 2802 Quod
1041 2749 1137 2811 passim
1151 2748 1200 2795 riri
1220 2747 1292 2796 docti
1311 2757 1339 2795 et
1441 2746 1452 2763 “

234 2812 332 2861 Iaexica
344 2813 447 2862 docent.
466 2814 579 2862 Oua—o
594 2811 664 2861 Araus
675 2813 749 2861 deest
759 2813 830 2861 Pitb.
849 2814 938 2862 lde-'l
954 2815 1019 2864 Fax.
1030 2813 1131 2860 conscio.
1159 2811 1211 2860 Sed
1224 2827 1239 2858 a
1249 2813 1339 2873 glossa

235 2883 286 2925 eet.
298 2877 389 2926 Rcald.
406 2878 479 2926 Fnlr.
495 2878 572 2939 stupri
583 2878 681 2926 icamia
692 2877 798 2939 Sciopp.
811 2878 836 2924 in
848 2877 976 2940 Symbola.
1010 2876 1190 2939 Conmiulegas
1208 2875 1286 2924 etiam
1310 2876 1338 2922 iu
1427 2893 1436 2910 ·

236 2941 302 3000 Reg.
315 2941 400 2990 Oson.
411 2942 473 2990 Par.
485 2941 540 2990 Pal.
549 2940 653 2990 D'Orv.
666 2941 722 2991 Ine.
733 2939 822 2990 Guelf.
835 2947 954 3004 utroque,
966 2942 1033 2992 Coll.
1045 2941 1120 2989 Voss.
1132 2941 1186 2988 sive
1197 2939 1267 3000 Lips.
1279 2939 1338 2988 sine

235 3004 315 3052 dubio
327 3019 342 3052 e
355 3006 446 3068 glossa.
479 3005 547 3054 Vide
560 3004 592 3054 ad
607 3006 625 3054 l.
636 3018 675 3055 vr.
693 3020 720 3068 p.
733 3009 790 3054 18⁰.
808 3007 815 3034 ‘
829 3005 970 3069 virginalis
981 3004 1051 3068 fugae
1063 3012 1196 3067 sequestro
1208 3002 1338 3052 ministro·

234 3081 285 3131 qne
298 3067 314 3114 ε’
332 3077 358 3118 et
368 3069 400 3118 ud
413 3069 533 3119 Frontin.
544 3070 562 3119 l.
573 3082 593 3117 r.
603 3072 629 3117 4.
642 3073 681 3119 li.
699 3071 707 3098 ‘
719 3069 809 3118 Nares
821 3071 893 3132 pacis
905 3068 1065 3134 sequestra!
1083 3070 1196 3118 Oua-s
1207 3067 1338 3116 Adultero-

233 3147 288 3181 rom
296 3133 451 3183 internuntia.
467 3134 755 3195 Malimuaelrertumm.
773 3133 916 3196 Scioppin
935 3134 1066 3196 Symbola.
1100 3133 1190 3192 Forte,
1207 3133 1340 3179 adsumis·

233 3211 296 3245 ram.
307 3199 399 3248 Brunt.
432 3199 514 3259 Bene,
525 3201 545 3246 si
558 3198 634 3247 modo
645 3197 799 3246 addicerent
811 3197 898 3247 Musti.
932 3198 1016 3247 Immo
1027 3198 1065 3247 sic
1076 3196 1103 3246 in
1114 3195 1179 3245 cod.
1195 3195 1251 3247 Inc.
1272 3198 1337 3244 Oad.

234 3265 284 3308 -ii
302 3261 404 3310 D’Orv.
415 3263 589 3325 insuperabilis.
605 3261 696 3310 ld.-1
712 3261 969 3311 saar.Pirn.1a.-a
987 3262 1073 3311 Palat.
1083 3267 1157 3309 caret
1174 3259 1275 3322 copula.
1295 3261 1338 3307 Id.

234 3327 283 3372 -8
305 3324 366 3374 Vino
374 3341 438 3374 mero
449 3342 481 3374 m.
492 3342 516 3373 a.
528 3326 613 3374 celitus
623 3324 789 3386 eoeumfrarrd,
807 3327 849 3387 irc.
858 3326 1015 3374 construebat.
1027 3327 1093 3374 an.
1104 3325 1223 3383 velitatus,
1234 3331 1261 3370 et
1274 3321 1338 3372 Ald.

235 3394 317 3437 recte.
335 3381 421 3438 Roabi.
450 3389 563 3437 Velitatur
581 3403 667 3436 ruam.
701 3387 852 3450 Legendum
864 3389 967 3438 videtur
986 3388 1126 3448 Beroaldo,
1144 3388 1240 3436 celituta
1255 3401 1339 3434 scenas

230 3449 314 3510 fraud.
348 3452 490 3499 Emendem
510 3466 568 3513 ego,
583 3453 696 3500 delicatas
709 3452 946 3510 cunasjraadulerta
956 3453 982 3500 ia
993 3453 1094 3501 exitium
1106 3451 1233 3500 miserrimi
1243 3450 1338 3512 mariti,

235 3517 276 3577 irc.
295 3513 407 3563 Colvins.
438 3515 553 3564 Velitatas
571 3529 661 3562 scenas
674 3513 850 3572 fraudulentus.
883 3516 926 3564 lta
948 3517 1065 3580 plerique
1085 3515 1153 3564 libri.
1188 3515 1247 3566 Non
1268 3515 1338 3562 male

236 3579 384 3627 emendabis
394 3593 401 3626 ι
420 3579 508 3627 motuis
516 3578 604 3627 cicibru
615 3579 725 3627 celitutas
736 3593 822 3642 amas,
834 3577 989 3639 fraudulenta
1004 3580 1028 3628 ia
1039 3579 1146 3628 exitium.
1178 3577 1232 3627 Sed
1242 3576 1338 3640 praefe-

235 3642 317 3690 renda
328 3643 401 3692 Bert.
413 3643 478 3691 Cod.
491 3643 630 3705 scriptura,
645 3643 753 3704 velitata,
770 3657 851 3693 samaa
865 3643 1032 3704 fraudulentus
1047 3645 1075 3692 ia
1093 3643 1195 3692 esiliam
1211 3655 1244 3689 m.
1265 3657 1298 3689 m.
1316 3656 1337 3691 s.

236 3705 373 3769 ambagibus
387 3707 545 3756 construebat.
562 3707 713 3792 Wowerins.
747 3709 810 3756 Dixi
829 3708 855 3756 iu
872 3708 1008 3771 Serpentis
1026 3707 1056 3772 (l.
1067 3721 1093 3757 r.
1109 3709 1159 3772 Ep.
1170 3705 1226 3769 23.)
1248 3706 1337 3769 legen*

731 3836 839 3886 NOTAE

267 3932 376 3995 rStapri
386 3930 516 3993 sequemur]
533 3929 701 3981 Intermedia.
718 3931 764 3981 Sic
804 3931 917 3994 dolosos,
929 3933 1115 3998 insidiosasqne
1124 3931 1338 3982 machinationes.

236 4022 324 4070 supro,
344 4007 389 4055 lib.
408 4021 446 4056 vr.
461 4005 512 4056 ‘de
533 4006 613 4056 Asino
631 4006 763 4070 virginalis
804 4007 963 4070 Itaprorsos
975 3993 1112 4072 le‘gendum
1121 4014 1171 4074 est,
1180 4007 1338 4072 posthabitis

236 4082 305 4147 fugae
317 4087 452 4146 sequestro
463 4081 478 4128 :'
496 4081 540 4131 nbi
551 4082 611 4132 ride
623 4083 687 4132 Not.
805 4097 863 4148 qum
874 4082 916 4135 bic
925 4084 1006 4134 babet
1018 4083 1130 4136 Oolrius.

268 4167 278 4192 2
300 4157 386 4207 &enas
405 4158 584 4221 fraudulentas]
611 4159 762 4224 Apparatus
