2922 4826
379 376 739 429 uuruuoneuosaou
766 377 837 425 utu.
860 375 915 424 rx.
1132 357 1198 424 609

90 533 247 615 spectare
261 525 423 612 poteram.
469 522 530 596 Sol
544 523 656 606 ipsum
672 520 829 604 quidem⁹
844 519 1004 602 delapsus
1022 515 1198 583 Oceanum

91 633 328 696 subterrenas¹
352 619 444 692 orbis
458 625 575 708 plagas
583 624 821 688 illuminabat:
838 626 871 684 et
882 637 973 696 ecce,
983 619 1198 702 nequissimae

90 753 179 798 anus
209 733 384 797 adhaerens
414 728 513 792 lateri
540 726 733 790 temerarius
761 723 890 788 adulter
917 720 1092 792 adventat:
1115 739 1198 804 puer

92 835 288 910 admodum,
311 839 345 898 et
370 830 481 896 adhuc
495 835 509 864 ²
531 827 659 893 lubrico
679 845 838 908 genarum
862 822 1041 908 splendore
1062 823 1200 904 conspi-

93 953 195 1012 cuus,
219 933 352 998 adhuc³
378 923 572 994 adulteros*
596 929 671 1011 ipso
693 927 875 991 delectans·
922 924 1037 1002 Hunc,
1062 924 1200 990 multis4

93 1035 276 1102 admodum
290 1033 396 1099 saviis
419 1039 613 1114 exceptum,
635 1031 754 1094 mulier
766 1047 900 1093 coenam
910 1025 1010 1111 jubet
1023 1031 1199 1109 paratom¹

93 1125 305 1205 accumbere.
350 1134 429 1213 Sed,
450 1138 489 1197 ut
510 1132 655 1216 primum
674 1126 927 1196 occursoriam⁶
951 1122 1142 1211 potionem¹
1165 1136 1200 1196 ot

95 1328 175 1378 lieris.
208 1327 268 1380 Jam
285 1328 330 1378 Sat
339 1329 434 1392 quidem
444 1330 570 1393 depromas
580 1328 723 1388 infractum
737 1328 876 1379 illustrabat
886 1328 1010 1390 ίηίινίονιι
1021 1333 1094 1378 terra
1109 1331 1200 1390 parter,

94 1407 148 1441 cam
159 1393 242 1442 auom
252 1393 292 1441 ilie
308 1393 409 1442 mochus
419 1394 515 1442 odoemt
525 1395 613 1457 affixus
624 1394 696 1443 lactem
706 1396 791 1443 oetuic
801 1396 915 1456 pessima,
926 1393 977 1457 ipse
987 1393 1054 1441 ualde
1058 1391 1166 1451 juvenis,
1176 1397 1200 1440 et

94 1457 172 1506 adbuc
192 1457 327 1519 spectabilis
343 1458 399 1506 laci
413 1461 617 1520 nitoregenarum
682 1458 698 1488 ¹*
796 1459 810 1486 ¹
909 1458 934 1506 ·.
999 1457 1092 1505 Mulier
1110 1456 1201 1518 excipit

93 1533 146 1570 eura
153 1522 267 1586 plurimis
277 1521 359 1580 bande,
369 1527 393 1574 et
407 1521 478 1582 jubet
497 1521 630 1572 occumbere
649 1521 724 1586 eptdis
740 1522 873 1572 instructis.
908 1522 952 1580 Ar,
965 1536 1018 1570 cum
1030 1519 1129 1583 juvenis
1140 1520 1202 1570 inci·

95 1759 217 1810 Fulviam
235 1759 306 1810 libas
316 1759 371 1822 jam
380 1761 480 1824 optimc
490 1766 564 1811 extat
573 1761 600 1809 la
613 1761 662 1811 lid.
673 1761 748 1812 Jaut.
760 1766 829 1824 port.
845 1759 976 1825 mornado
987 1759 1127 1810 ediderant
1136 1773 1201 1823 qno·

95 1839 147 1888 qne
166 1825 360 1874 Woerer.'Pric.
378 1826 448 1875 Flet.
483 1825 514 1874 ln
529 1825 626 1875 ceteris
645 1833 673 1874 et
694 1826 759 1875 Mas.
777 1825 927 1875 morem
960 1825 1024 1874 Mox
1035 1830 1120 1874 cuncta
1131 1822 1208 1874 Pleu:

97 1889 214 1938 orm-t
223 1889 291 1940 aaa.
301 1896 363 1938 ante
369 1891 442 1940 cclv.
454 1890 547 1954 quidem
554 1890 638 1952 iprum
651 1889 740 1939 ld.-l
753 1889 842 1940 Guelf.
853 1905 892 1953 pr.
902 1895 1088 1954 superterrma,
1099 1887 1203 1937 D'Orr.

94 1953 275 2002 subterraneas:
292 1963 321 2006 et
334 1955 422 2003 statim
432 1955 554 2003 illuminat
572 1969 630 2003 cum
647 1955 713 2003 Fur.
734 1954 760 2002 iu
777 1968 828 2018 qno
839 1955 902 2003 orbis
910 1955 1143 2018 partesoelplogas.
1159 1951 1202 2000 td.

95 2022 144 2066 -2
157 2018 249 2079 Forte,
258 2025 286 2066 nt
297 2033 385 2080 supra,
394 2019 509 2068 ecadbuc.
521 2019 613 2068 Brant.
636 2019 695 2070 Quo
704 2017 766 2066 nihil
778 2019 899 2080 ineptius.
923 2019 1065 2081 Eleganter
1074 2018 1100 2065 in
1112 2016 1202 2078 Epigr.

96 2078 133 2130 tet
142 2079 275 2144 xrodorros
285 2079 516 2143 adnuntiavimus.
536 2083 580 2131 De
590 2097 641 2146 qno
650 2081 694 2130 adi
704 2082 731 2134 J,
743 2082 775 2132 P.
786 2082 959 2131 D’Orvillium
970 2097 1053 2130 mentm
1061 2081 1094 2130 ad
1103 2081 1204 2130 citarit.

95 2146 219 2196 l.1.c.'2.
238 2148 351 2196 Oua-3
368 2148 461 2197 Adbuc.
484 2145 536 2196 Ma.
547 2152 570 2196 el
582 2147 666 2196 adbuc.
684 2147 758 2195 Colv.
792 2145 828 2196 Et
838 2147 880 2196 bic
892 2147 929 2196 ita
940 2145 1007 2195 torte
1021 2147 1096 2195 bene.
1113 2145 1203 2196 Brutti.

95 2209 155 2260 Pal.
169 2223 273 2274 quoqne
284 2218 311 2259 et
321 2209 409 2261 Guelt'.
420 2226 475 2262 sec.
485 2215 510 2260 et
520 2211 605 2274 adbuc,
617 2210 719 2260 D'Orv.
739 2211 819 2261 adbee-
837 2211 904 2274 Reg.
923 2211 988 2260 Fux.
1007 2212 1116 2260 delectat.
1134 2209 1205 2260 Ond.

96 2274 248 2336 —dldenu
267 2275 467 2326 multumcolv.
500 2274 568 2325 Item
590 2277 657 2324 an.
677 2273 766 2324 Gueli'.
785 2290 837 2324 sec.
857 2275 1136 2340 Paliuqnoctsabii.
1170 2274 1204 2323 Iu

97 2335 514 2390 Edd.anteBas.tec.adnmdum
526 2355 557 2388 nt.
591 2339 693 2388 D'Orv.
710 2339 791 2388 saliis.
826 2339 893 2388 Edd.
914 2340 988 2390 Colv.
1006 2340 1088 2390 Scriv.
1106 2339 1204 2388 suariis.
1252 2386 1256 2396 ,

97 2402 170 2452 Alibi
182 2403 236 2452 dixi
247 2403 369 2454 dehisce.
403 2404 521 2468 Exceptis
537 2403 609 2454 Pitb.
629 2405 740 2452 Oui—5
760 2405 933 2468 Coeuapnrata.
958 2405 1204 2466 Fux.coeuompara·

73 2523 77 2531 Ι
98 2471 157 2528 iam,
174 2473 202 2518 et
213 2468 274 2518 Ald.
292 2469 377 2518 matu.
411 2469 521 2520 Necnon
532 2467 596 2518 Mas.
610 2467 644 2517 0.
658 2476 685 2517 et
698 2467 766 2518 Edd.
779 2476 877 2530 praeter
893 2467 1016 2518 Beroald.
1033 2477 1061 2518 et
1078 2469 1139 2516 Eas.
1156 2466 1205 2514 uisi

96 2531 166 2596 quod
180 2532 206 2580 in
219 2531 306 2582 Guelf.
319 2548 359 2596 pr.
370 2533 404 2582 sit
415 2549 487 2582 cona.
517 2531 654 2581 Ablatlvus
667 2540 707 2580 est
719 2541 811 2580 contra
823 2533 926 2596 genium
939 2533 1071 2582 Auctoris.
1106 2530 1158 2580 Adi
1171 2529 1205 2580 ad

97 2595 116 2644 l.
128 2611 156 2644 v.
177 2611 203 2660 p.
222 2601 263 2646 91.
280 2597 407 2646 'Lectum
428 2597 624 2646 accubans.'—6
640 2596 816 2646 Aecursoriam.
841 2597 906 2646 Fun.
925 2598 1088 2646 occursoriam.
1120 2595 1203 2644 Aldus

96 2673 169 2724 vero,
187 2661 387 2710 antecursorum:
405 2669 486 2710 recte.
520 2661 733 2712 Antecursoriam
751 2663 820 2710 enim
832 2662 963 2723 potionem
976 2662 1054 2722 dixit,
1072 2660 1202 2726 quomodo

99 2739 179 2787 snpra
190 2725 292 2776 Glossee
305 2727 452 2788 Philoxeni,
465 2726 585 2788 Merces,
601 2724 727 2786 neveruis:
745 2727 900 2789 saleconis,
919 2726 987 2790 quod
1007 2725 1076 2776 idem
1092 2734 1134 2774 est
1147 2737 1205 2773 cnm

98 2789 244 2852 gustatione
255 2791 428 2854 antiquorum,
439 2789 473 2838 de
486 2805 536 2852 qua
548 2791 580 2840 ad
594 2791 726 2838 Arbitrum
740 2789 890 2854 aliquando,
907 2789 960 2839 iore
980 2789 1047 2851 fuat,
1063 2791 1165 2854 plenius
1177 2796 1206 2837 et

99 2854 210 2916 planius.
229 2855 315 2903 Roatd.
347 2853 550 2904 Antecursorr'am.
584 2855 739 2904 Emendatio
755 2855 811 2904 haec
826 2855 1010 2905 Beroaldiest.
1043 2855 1206 2917 Vulgatiss-

100 2925 180 2980 teres,
190 2919 357 2968 occursoriam.
384 2920 436 2968 M's.
448 2933 472 2967 u.
484 2933 509 2981 p.
517 2923 571 2982 pori
582 2919 737 2968 occursoriam
743 2935 770 2982 p.
804 2919 886 2969 Recte
899 2927 987 2982 putem
1000 2920 1127 2983 appellari
1138 2922 1207 2968 ante·

99 2983 231 3032 cursoriam
278 2984 376 3044 tionem,
394 2997 451 3046 quae
463 2981 586 3032 Gestatio
597 2984 654 3032 aliis
665 2984 746 3032 dicta.
780 2983 847 3032 Haec
865 2992 923 3034 erat
942 2984 1013 3046 potio
1031 2985 1057 3032 in
1077 2981 1206 3047 principio

99 3061 206 3098 mensa.
264 3048 397 3096 etrouins:
413 3046 503 3098 ‘Jnssi
523 3062 586 3111 ergo
606 3047 810 3098 discumbimus:
828 3055 866 3108 et,
877 3049 1026 3112 gustatione
1037 3047 1147 3096 mirifica
1159 3045 1207 3094 ini·

100 3111 325 3174 statuunculam
335 3112 446 3162 Falerno
457 3110 629 3160 inundamur!
649 3111 731 3160 Item:
741 3114 749 3138 ‘
759 3111 846 3160 Allata
854 3122 895 3160 cst
908 3112 1023 3175 gustatio
1033 3112 1109 3160 valde
1121 3113 1206 3160 latita:

99 3189 158 3226 uam
166 3176 221 3238 jam
234 3189 323 3226 omues
334 3175 530 3238 discubuerant,
548 3183 645 3239 praeter
656 3178 740 3240 ipsum
756 3175 974 3226 Trimatcionem!
1006 3176 1059 3225 Sed
1079 3175 1206 3223 videndus

101 3239 204 3302 Lipsius
216 3237 354 3304 Antiquae.
365 3241 484 3290 Lection.
496 3239 514 3288 l.
527 3253 570 3290 111.
586 3241 653 3289 Colo.
679 3239 880 3290 Antecureoriam.
907 3240 983 3290 Hanc
996 3239 1133 3289 lectionem
1146 3251 1207 3286 con·

101 3302 218 3352 ciunavit
229 3304 305 3358 bobia
320 3305 472 3366 Beroaldus,
482 3319 558 3367 quatu
569 3313 659 3368 postca
671 3305 892 3368 aliireceperunt.
905 3305 970 3354 Cod.
982 3304 1041 3354 Pal.
1055 3311 1082 3354 et
1092 3304 1135 3354 alii
1147 3303 1209 3352 libri

102 3367 214 3432 antiqui,
232 3369 398 3430 occursoriam,
416 3383 475 3418 rere
487 3375 514 3417 ct
525 3383 558 3417 ex
571 3383 642 3418 more
660 3370 754 3432 prisco.
788 3369 870 3432 Diog.
892 3369 979 3419 baert.
999 3369 1024 3418 iu
1042 3369 1208 3418 Menedemo.

106 3431 209 3482 Woroer.
234 3433 343 3496 vulgati
354 3433 429 3482 Vett.
439 3433 605 3482 occursoriam.
630 3433 765 3482 Manuscr.
775 3440 829 3495 post
840 3431 995 3484 occursoriam
1003 3433 1130 3496 potionem,
1139 3431 1208 3482 sorte

102 3503 131 3544 nt
141 3497 277 3546 occursaria
284 3498 350 3560 potio
361 3498 404 3558 sit,
423 3511 480 3560 qttae
493 3497 526 3546 ab
538 3499 734 3548 occurrentibus
746 3505 774 3546 et
785 3497 975 3560 excipientibus
988 3499 1164 3560 praebebatur,
1179 3501 1209 3546 at

104 3559 280 3610 ‘adventoria
302 3561 391 3610 coena’
413 3560 483 3623 apud
505 3561 664 3610 Martialem.
698 3562 803 3611 Cottius
826 3569 913 3612 tamen
934 3563 1063 3626 attigatant
1085 3562 1209 3624 explicat.

100 3623 189 3676 Brant.
221 3625 395 3674 Occursoriarn.
420 3626 465 3674 Sic
478 3625 549 3675 Flor.
562 3632 590 3674 et
601 3626 688 3676 Pelet.
701 3627 778 3676 Rom.
787 3634 815 3675 et
826 3627 920 3676 venet.
932 3629 1098 3676 occursoriam.
1125 3625 1215 3674 Aldus·

102 3689 297 3742 communiam.
330 3690 411 3740 Male.
438 3691 604 3740 Occurtorior'n
620 3691 739 3753 potionem
756 3690 821 3741 dicit
839 3692 971 3756 potionem
995 3691 1123 3755 primam;
1149 3704 1208 3740 nam

599 3817 707 3872 NO'l'AE

136 3915 251 3966 *Adbuc
268 3916 464 3981 adnumerare]
480 3914 638 3968 CaiTeren-
680 3916 796 3982 πρόπομα,
815 3919 942 3969 Petronio
970 3918 1153 3982 uastationem,
1181 3925 1211 3970 et

105 3991 639 4056 tiannmprorerbinmcongrueret,‘Tute
681 3994 873 4056 prontulsidem.
906 3995 1014 4045 Scilicet
1035 4004 1097 4046 aute
1123 3998 1209 4046 cibum

14 4083 15 4104 l
104 4067 180 4130 lepus
201 4081 239 4132 et,
256 4074 286 4122 et
310 4069 506 4133 palpamentum
526 4071 641 4137 queris!
680 4083 782 4120 omnem
805 4070 1041 4122 circumferebatur
1059 4072 1159 4138 phiale,
1174 4089 1209 4124 ex

107 4142 222 4192 Beroaid.
680 4161 731 4212 qna
740 4161 830 4200 ornnes
841 4147 1003 4200 tendebant.

140 4217 146 4250 ¹
165 4219 331 4268 Occursoriarn
349 4221 481 4286 potionem]
509 4221 638 4276 Atheneo

173 4299 296 4362 Duplum
311 4302 368 4352 Vur.
381 4303 447 4352 Clas.
625 4305 699 4369 Apul.
1087 4319 1103 4362 ²
1120 4316 1145 4366 Q
