2922 4826
218 305 284 370 574
680 317 839 366 seuram

221 466 284 532 ad³
299 464 385 530 bunc
399 460 535 526 modum
551 460 761 524 cavillantur.
807 459 888 526 Sors
901 459 1060 526 nerent
1075 467 1106 526 ι*

350 563 432 630 Iden
448 562 642 647 conjuncti⁵
659 569 782 626 terram
796 563 1015 646 proscindunt
1028 565 1145 641 boves,

347 664 396 730 Ut
409 665 599 728 infuturum
614 661 718 728 laeta⁶
734 665 915 746 germinent
929 671 1013 736 sata.
1185 667 1186 670 ’

220 770 327 834 Tum⁷
342 767 457 850 siqui,
472 766 718 830 matrimonium
740 773 826 832 sorte
846 765 1051 849 captantes‚⁸
1067 766 1319 847 interrogarent,

219 953 253 1030 sic
263 953 376 1028 deludunt
383 950 505 1016 plurimos,
521 949 561 1014 qai
571 949 718 999 consulebant
728 965 766 1000 rvr
775 954 804 1000 de
815 948 889 1000 ratiis
899 949 1009 1010 negotiis
1038 949 1166 1000 oraculum
1173 954 1252 1000 ostem
1264 954 1319 1000 erut

219 1017 347 1076 mmm:
510 1077 978 1139 Ideirroboretjuartisulcaatirrmtrn,

515 1143 548 1191 Ut
557 1148 638 1205 postea
647 1143 744 1204 copiose
754 1147 844 1203 segetes
853 1142 976 1204 prurient.

223 1207 293 1268 Tum,
301 1207 324 1255 ei
334 1205 418 1268 aliqui,
426 1207 529 1255 substet
536 1207 710 1256 matrimonium
717 1222 748 1256 ee
757 1206 857 1256 sortiunt
866 1207 956 1255 menda
966 1204 1082 1268 irritator
1091 1206 1247 1268 consulerent,
1256 1206 1319 1254 dice·

676 1334 858 1355 ”mum

219 1415 314 1464 curulis.
346 1414 444 1464 Nescio
461 1427 493 1462 nn
512 1413 641 1464 voluerint
658 1417 688 1463 de
706 1416 815 1477 capsulis.
837 1413 1004 1464 stewechius.
1022 1413 1088 1462 Fux.
1111 1417 1213 1462 motata.
1239 1411 1318 1464 Quod

221 1480 350 1542 quadrare
371 1478 681 1530 sternutamentum.
717 1480 779 1529 Sar.
796 1491 839 1542 pro
854 1478 941 1528 cumb
956 1478 991 1540 pl.
1009 1482 1112 1528 enotata.
1146 1477 1214 1526 Hac
1226 1478 1320 1541 scripti
1348 1503 1359 1513 -

221 1544 318 1592 codicis
329 1541 411 1592 nostri
423 1543 561 1604 scriptura,
573 1557 649 1606 quam
662 1543 740 1591 etiam
752 1543 777 1590 in
791 1543 943 1606 quibusdam
958 1556 973 1590 e
989 1542 1041 1589 suis
1053 1556 1109 1590 esse
1125 1548 1200 1590 notat
1210 1543 1321 1590 Beroal-

221 1607 283 1667 dus3
296 1608 357 1654 item
367 1606 454 1666 aliam,
464 1607 534 1655 Sorte
545 1621 633 1669 unpro
640 1607 740 1669 coporalis
749 1607 810 1669 piar.
822 1612 925 1665 enmutn,
936 1613 963 1654 et
972 1607 1057 1666 aliam,
1062 1621 1106 1668 pru
1113 1605 1206 1654 casibus
1211 1605 1321 1668 plurilus

219 1677 328 1719 morata:
344 1669 501 1735 etqnosdanr
511 1685 557 1732 pro
567 1676 662 1719 eborata
673 1671 786 1719 scribere
798 1677 894 1719 enotata
904 1670 982 1718 etiarn
995 1677 1114 1719 testatur.
1138 1670 1260 1719 Omnium
1273 1685 1321 1733 op·

221 1734 309 1782 rimam
327 1742 391 1797 pato
408 1735 557 1794 lectionem,
575 1733 645 1783 Sorte
661 1737 730 1784 unica
744 1734 1004 1798 praesumptarum
1021 1739 1123 1783 enotata.
1157 1735 1234 1783 Mens
1245 1734 1320 1782 hnc:

222 1799 302 1848 Casus
315 1799 401 1861 plures
412 1805 440 1846 et
451 1813 536 1847 rerum
555 1805 663 1847 eventus
675 1800 759 1847 varios
777 1814 828 1848 nna
844 1806 915 1848 sorte
927 1806 1032 1848 notatos
1049 1796 1138 1847 sitisse.
1157 1799 1224 1847 Coie.
1252 1799 1279 1847 b.
1295 1814 1321 1846 a.

220 1863 307 1912 saeviis
323 1878 349 1925 p.
370 1867 475 1912 enotata.
510 1864 593 1912 Mirer
611 1862 730 1925 equidem
754 1863 882 1912 neminem
900 1863 1035 1919 monuisse,
1055 1862 1320 1926 representantur.

221 1927 373 1976 Wotverius.
401 1927 613 1977 Cuributenotnta.
631 1926 799 1989 AScaiigero
815 1933 842 1975 et
857 1925 948 1974 Calvio
966 1927 1020 1974 trae
1032 1926 1111 1974 lectio
1125 1933 1174 1974 est.
1200 1925 1264 1987 Alli,
1279 1941 1321 1974 ra·

220 1991 288 2052 tulis,
305 1991 381 2040 maie.
404 1991 475 2040 Flnr.
486 2007 510 2040 n.
522 2007 563 2052 per
577 1992 671 2050 ruralis,
684 1993 757 2040 rusie.
769 1992 843 2039 Bert.
853 1994 974 2038 saumata.
992 1989 1053 2050 Alii,
1065 1995 1205 2051 prenotate.
1224 1990 1320 2050 Aldus,
1413 2011 1428 2030 ι

221 2061 323 2104 moerim
346 2055 558 2104 Elmenborstins.
589 2055 704 2114 *Cetrius
720 2054 748 2103 S.
767 2070 792 2103 s.
807 2069 851 2117 pro
870 2054 963 2103 omibus
982 2053 1089 2116 pluriter
1106 2059 1209 2102 esotrta.
1236 2055 1322 2104 Notat

222 2126 308 2166 tamen
321 2119 464 2166 Beroaldus
474 2119 500 2165 in
511 2119 662 2182 quibusdam
679 2133 736 2166 esse
753 2119 863 2180 capsulis,
874 2119 943 2180 quod
960 2116 1072 2166 fortasse
1090 2132 1139 2168 nec
1152 2126 1321 2167 contemnen-

222 2181 291 2232 dnm.
314 2182 404 2228 Cicero
421 2194 452 2229 11.
471 2181 504 2229 de
521 2182 637 2230 Divinat.
660 2182 710 2230 ‘In
721 2196 753 2230 eo
766 2183 833 2244 ioco,
844 2182 888 2231 ubi
907 2196 975 2230 nuno
987 2183 1110 2230 Fortunae
1128 2183 1321 2244 stramentum,

222 2245 273 2293 mei
291 2260 323 2296 ex
344 2245 401 2292 olea
416 2242 521 2292 tinxisse
541 2245 642 2306 dieunt,
662 2246 844 2310 aruspicesque
862 2246 969 2308 dixisse,
988 2260 1088 2295 summa
1105 2247 1242 2296 nobilitate
1261 2248 1321 2296 illas

223 2317 306 2357 sortes
319 2306 428 2370 futuras,
439 2323 580 2372 eorumque
592 2309 666 2372 jussu
679 2325 711 2358 ex
729 2312 773 2360 illa
785 2313 843 2360 olea
859 2325 945 2359 arcam
963 2323 1018 2360 esse
1034 2307 1140 2370 factem,
1157 2325 1239 2376 eaque
1258 2326 1322 2360 con-

222 2371 291 2420 ditas
309 2379 401 2432 sortes,
420 2387 478 2435 qnae
498 2373 573 2422 bodie
595 2374 715 2423 Fortuna
732 2375 831 2424 monitu
855 2373 1000 2424 tolluntur?
1018 2375 1107 2422 Bront.
1141 2375 1321 2426 Frentanum.

222 2435 334 2494 Ginssae,
344 2434 464 2492 καλύβιυν.
498 2438 555 2487 Quo
571 2453 647 2490 sensu
666 2440 761 2488 Noster
775 2439 881 2502 passim,
891 2441 934 2504 qui
946 2439 1098 2486 diminutiva
1108 2445 1185 2488 amat.
1207 2440 1322 2490 Wese-

222 2504 238 2548 a
257 2501 319 2549 Fux.
331 2501 365 2550 in.
381 2500 501 2550 ond-t
518 2501 595 2566 Vnig.
605 2504 706 2552 ureret.
724 2504 798 2552 Coiv.
832 2501 863 2551 ln
874 2504 1004 2566 plerisque
1015 2511 1070 2551 erat
1081 2503 1128 2551 bie.
1148 2501 1201 2552 Sed
1211 2505 1275 2555 Mes,
1292 2513 1321 2552 et

160 2573 163 2580 ’
223 2564 272 2612 ΕιΙ.
287 2564 440 2626 ternpore.
455 2580 513 2615 cum
525 2567 597 2617 Coiv.
615 2573 642 2616 et
659 2569 800 2631 seqq.lroer.
824 2567 941 2616 oud—5
959 2567 1016 2614 Ideo
1034 2567 1161 2626 conjuncti.
1186 2567 1321 2618 Vererrsiri

222 2635 291 2687 sunt,
303 2643 350 2678 nee
361 2629 524 2678 videbantur.
560 2632 613 2680 Nos
625 2645 668 2680 eos
685 2634 736 2680 suis
766 2632 856 2681 edibus
868 2645 954 2678 meare
958 2631 1091 2694 jussimus.
1110 2631 1177 2679 Colo.
1202 2631 1322 2680 Maeon-

215 2693 327 2752 junctim.
355 2693 462 2758 Sciopp.
481 2695 506 2740 in
528 2694 615 2758 Symb.
644 2696 717 2744 Bene
763 2695 831 2744 oivio
850 2694 966 2743 obsecuti
989 2702 1047 2741 sunt
1071 2693 1165 2756 reliqui
1188 2693 1323 2745 Editores.

224 2756 320 2804 Versus
337 2755 402 2806 duos
422 2758 534 2806 senarios
547 2773 615 2820 esse,
629 2761 711 2821 quivis
730 2759 815 2818 ridet;
832 2758 921 2822 quales
941 2772 986 2807 sen
1006 2756 1128 2806 iambicos
1145 2757 1231 2818 piures
1249 2760 1321 2820 apud

223 2819 350 2870 Nostrum
360 2835 496 2870 occrrrrere
508 2823 617 2871 vidimus
629 2824 660 2872 ad
673 2824 689 2874 i.
702 2835 745 2871 ιιι.
758 2837 784 2885 ρ.
792 2827 832 2871 40.
844 2821 906 2871 iicet
918 2821 958 2870 lric
968 2821 1020 2870 iilic
1032 2835 1047 2869 a
1058 2820 1182 2884 librariis,
1192 2829 1220 2870 ut
1234 2837 1324 2886 prosa,

222 2883 274 2932 rint
285 2885 437 2935 continuati.
457 2887 570 2936 θιὼ-6
585 2887 654 2936 Lata
663 2885 792 2936 exrriatsb
802 2885 888 2936 Oxou.
906 2886 938 2936 ln
950 2885 1033 2935 Merc.
1045 2885 1093 2934 Ed.
1102 2886 1241 2945 malefeta.
1265 2887 1320 2938 Hic

222 2954 308 2997 entem
321 2951 513 3011 typothetarum
534 2953 610 3016 culpa
629 2951 677 2999 Ed.
693 2950 815 3000 Berosldi
832 2954 905 3000 1⁵01.
922 2949 1012 3000 deficit
1028 2963 1109 3014 nsque
1127 2953 1158 2998 ad
1180 2949 1321 3014 manipulos,

223 3019 251 3061 et
263 3027 353 3062 aversa
370 3015 472 3076 pagina,
489 3030 546 3078 quae
557 3015 597 3064 bis
609 3015 746 3078 repetitur,
758 3015 877 3079 incipite
892 3015 1010 3064 ‘cariosa
1021 3015 1155 3064 vulnerum
1166 3013 1321 3077 putredine!

224 3075 312 3126 itt-t
327 3079 390 3142 lieg.
405 3079 471 3128 Fur.
493 3081 590 3131 Tamen.
608 3080 673 3130 Edd.
687 3091 749 3130 ante
767 3081 840 3130 coir.
862 3079 936 3130 Tunc.
952 3079 1043 3128 Iri-s
1059 3079 1202 3141 Vulgarum
1215 3079 1321 3144 passim,

715 3185 822 3236 NOTAE

223 3277 346 3326 inhaereo.
379 3280 431 3328 Hic
446 3281 517 3328 loeus
534 3278 662 3342 patefacit
679 3289 748 3330 artes
788 3293 832 3331 rus
851 3277 947 3343 Halym
964 3287 1104 3344 penetrans
1124 3296 1242 3344 magnam
1261 3296 1320 3344 per·

223 3351 351 3414 ejusmodi
372 3353 581 3414 vaticinatorum,
604 3369 666 3416 quas
688 3369 748 3417 per·
789 3361 874 3404 vertet
891 3369 969 3418 opum
993 3355 1062 3406 sim?
1096 3357 1236 3404 ‘Hostiam
1250 3357 1320 3417 vim,'

223 3427 328 3488 stringit
347 3427 532 3488 Quintilianus,
554 3429 750 3478 Declamatione
789 3429 874 3490 inquit
885 3427 1070 3490 cicero,‘sese
1082 3443 1263 3492 perversurum
1274 3432 1321 3494 pir.-

224 3513 263 3549 rv.
280 3499 319 3548 bis
330 3499 431 3548 verbis:
448 3500 532 3548 ‘Tota
551 3500 577 3548 in
595 3515 625 3548 eo
642 3499 750 3550 fallendi
790 3501 873 3562 tavit;
886 3504 1014 3566 pervertit
1026 3511 1111 3554 autem
1124 3520 1205 3556 snam.
1225 3507 1319 3556 Utrum

223 3574 292 3626 ratio
313 3581 364 3636 est,
391 3588 442 3624 non
464 3573 527 3624 dare
547 3576 750 3640 consulentibus,
790 3577 871 3640 igitur
885 3577 976 3628 irornm
992 3579 1140 3643 accidisset,
1157 3595 1242 3630 verum
1263 3597 1319 3630 ora-

225 3650 293 3714 qnod
303 3650 457 3714 deposcunt,
465 3650 510 3700 sed
522 3651 633 3714 ealigine
646 3667 754 3714 magna·
791 3653 877 3702 culum
900 3652 1010 3714 fuisset!
1051 3655 1123 3718 Sors,
1142 3671 1200 3722 qure
1220 3657 1263 3708 hic
1286 3658 1319 3706 ab

224 3741 274 3791 qne
286 3726 468 3791 promissorum
478 3727 603 3776 varietate
613 3742 750 3790 suspensos
791 3726 902 3790 Apuleio
920 3727 1043 3792 refertur,
1059 3745 1109 3781 non
1122 3732 1154 3780 ad
1166 3733 1320 3786 utrumlibet

225 3804 262 3854 sic
273 3803 414 3862 dimittere,
422 3809 460 3864 ut,
468 3803 587 3868 quicquid
597 3817 671 3852 casus
682 3809 750 3852 attu-
791 3803 894 3866 quidem
905 3813 1027 3856 eventum
1039 3805 1109 3858 iectu
1121 3814 1170 3869 est,
1189 3815 1218 3858 nt
1228 3823 1319 3858 oracu-

223 3878 294 3939 ierit,
305 3884 397 3940 putent
410 3877 564 3942 praedictum
577 3876 653 3928 esse.’
687 3879 750 3926 Tale
790 3877 843 3926 lum
851 3879 994 3943 Croesi‚sed
1007 3882 1039 3930 ad
1050 3882 1250 3932 bonnmexltnrn
1258 3899 1319 3948 pro·

225 3959 265 4000 est
275 3955 414 4016 oraculum,
425 3953 493 4017 quod
505 3951 587 4002 refert
599 3953 751 4016 Cicero,iib.
790 3953 945 4004 mittendum
963 3957 1129 4022 quibuslibet,
1148 3957 1181 4007 de
1199 3973 1319 4023 quacum·

224 4042 257 4077 ιι.
274 4027 307 4076 de
323 4029 488 4078 Divinatione
506 4029 539 4078 ab
556 4027 678 4092 Apolline
696 4030 751 4078 edi·
790 4045 840 4096 que
852 4044 881 4080 re
891 4030 1121 4096 interrogantibus.

225 4111 280 4153 tum
297 4105 397 4172 croeso,
413 4105 543 4168 Lydorum
561 4105 644 4170 Regi:
663 4104 750 4168 ‘cruef
814 4141 816 4158 2
1005 4111 1014 4128 “·
