2922 4826
229 304 296 374 (324
704 317 861 367 auncurt

232 463 399 548 apperuit,
418 462 525 526 flebili
544 461 753 545 centunculo
775 459 996 535 semiaminis,
1019 456 1120 522 nudis
1140 461 1174 522 'et
1199 456 1340 522 intectis

230 566 387 649 pedibus,
399 565 512 628 lurore
523 565 640 628 buxeo
652 565 829 646 macieque
844 561 945 646 [198]
959 561 1101 638 foednta,
1111 569 1146 623 et
1156 559 1339 640 discerptas

232 685 337 731 comm
352 665 542 740 semicanae,
556 663 732 728 sordentes
743 665 899 746 inspersu
910 663 1040 738 cineris,
1052 663 1248 743 plerumque
1262 658 1339 741 ejus

232 767 499 832 tunteveutulee⁵p
534 767 757 848 contegebant
782 764 917 828 faciem.
962 759 1079 826 Ηωο6
1115 760 1206 837 tulis,
1233 778 1340 822 monn

228 869 350 951 pistori
364 868 542 932 clementer
555 867 706 950 injectu,7
729 867 831 950 quasi
847 865 1027 948 quippiam
1043 872 1171 927 secreto
1185 863 1338 926 collacu-

231 969 334 1046 ture,8
358 969 394 1032 in
418 989 517 1032 suum
530 967 723 1032 cubiculum
740 967 873 1031 seducit
888 986 966 1030 eum
979 974 1011 1030 :⁹
1033 971 1067 1029 et
1090 965 1238 1028 adducta
1252 963 1339 1038 fure,

232 1091 334 1154 quum
349 1070 538 1134 diutissime
554 1072 753 1135 demoratur.
798 1068 866 1133 Sed
891 1088 969 1132 enm
994 1071 1090 1132 esset
1105 1065 1179 1148 jam
1200 1063 1340 1128 coniec-

231 1180 304 1239 tum
318 1191 415 1236 omne
429 1173 644 1250 frumentum,
659 1172 751 1256 quod
767 1173 854 1235 inter
868 1189 987 1234 munus
1012 1167 1154 1252 opifices
1167 1172 1340 1230 tractare-

231 1281 330 1352 raut,¹
353 1276 616 1357 necessarioque
631 1275 704 1357 peti
717 1273 854 1337 deberet
869 1269 987 1347 aliud,2
1010 1269 1133 1334 seruuli
1146 1267 1341 1332 nutriculum

231 1381 365 1460 propter
380 1381 549 1440 ustnutes3
567 1375 742 1440 doninnm
759 1376 939 1450 vocabunt,
951 1372 1113 1454 operique
1122 1361 1352 1452 supplemen?

232 1485 304 1541 tum
319 1477 550 1561 postulabunt.
593 1475 708 1560 Atque
728 1481 765 1540 ut
779 1475 847 1540 illis
868 1474 1032 1558 saepicule
1045 1481 1078 1538 et
1092 1469 1343 1556 intervocaliter

231 1577 470 1644 clamantibus*
481 1579 592 1644 nullus
606 1577 780 1660 respondit
789 1577 978 1657 dominus34
986 1576 1059 1660 jam
1068 1573 1186 1638 iouem⁵
1202 1572 1343 1654 pulsare

231 1756 293 1800 aser
308 1751 409 1812 abotdm
424 1750 541 1813 criminis,
552 1751 692 1814 ternioperta
707 1749 804 1812 lugubri
817 1750 950 1812 palliastro,
966 1750 1065 1813 pedibus
1079 1747 1158 1808 mdis,
1173 1752 1198 1796 et
1213 1746 1343 1796 ducaturu-

232 1815 276 1875 ῆι,
291 1818 418 1878 deturpata
432 1817 522 1879 pallore
538 1818 654 1877 eusautgui
670 1820 694 1864 et
710 1815 875 1864 mauitudine.
912 1817 946 1863 Et
961 1815 1043 1878 capilii
1056 1813 1179 1871 remeant,
1194 1809 1277 1871 urei,
1292 1825 1345 1858 sor·

216 1879 329 1942 ‚dialique
344 1882 422 1930 curere
438 1882 553 1942 insperso,
568 1882 739 1943 propendentes
754 1879 782 1927 in
798 1879 848 1938 p'us
861 1881 961 1935 uultum,
976 1878 1131 1939 contegebant
1147 1878 1277 1925 marrim
1290 1875 1345 1934 ejus

229 1949 333 2006 parim
366 1944 430 1993 Hac
445 1947 531 1993 mulier
546 1945 582 1994 sic
597 1950 685 1993 ornatu
700 1959 772 1992 muno
788 1943 912 2004 pretendit
928 1943 1026 1992 comiter
1042 1941 1182 1994 molitorem,
1198 1945 1224 1988 et
1238 1953 1291 1987 eum
1303 1953 1345 1987 se·

230 2014 320 2069 yegui
335 2009 361 2056 in
377 2008 507 2058 cubiculum
525 2009 585 2068 ejus,
604 2009 678 2058 ueluti
694 2008 783 2070 aliquid
799 2007 848 2068 ipsi
863 2008 958 2056 dictura
973 2011 1077 2055 nemeto.-
1101 2007 1225 2066 clausoque
1240 2003 1346 2052 interius

226 2071 313 2134 janua,
330 2077 438 2120 moratur
452 2073 592 2121 diutissime.
626 2073 674 2121 Sed
698 2087 751 2120 oum
774 2075 851 2120 totum
868 2071 1030 2131 frumentum,
1046 2073 1108 2132 quod
1123 2069 1230 2118 ministri
1244 2067 1345 2129 pistorii

229 2148 284 2197 proe
301 2135 408 2184 manibus
423 2135 563 2194 babuerunt,
573 2136 627 2195 jam
644 2141 703 2184 esset
714 2136 829 2194 molitum,
844 2141 868 2183 et
884 2136 950 2184 aliud
966 2136 1096 2183 necessario
1112 2139 1170 2182 esset
1186 2133 1345 2194 poscendurn3
1449 2165 1450 2168 η

227 2198 320 2256 famudi
335 2203 427 2248 dautes
441 2215 514 2262 prope
529 2201 660 2249 cubiculum
676 2201 769 2248 munina
784 2199 876 2247 ciebunt
891 2200 973 2248 berun
984 2212 1060 2256 nuum,
1074 2203 1098 2248 et
1112 2198 1221 2262 petebant
1231 2196 1345 2254 suumne·
1449 2203 1450 2222 ³

233 2267 295 2323 tuen,
318 2265 379 2326 quod
394 2265 610 2312 amministrarent
626 2265 703 2314 molis.
749 2265 854 2325 Cumque
876 2263 947 2312 term
969 2264 1101 2312 rudatenus
1116 2263 1268 2324 responderet
1283 2259 1346 2322 ipsis

233 2327 322 2390 umus
337 2332 362 2377 et
376 2329 428 2377 alta
442 2342 496 2377 ueoe
512 2329 642 2386 curtilem
659 2330 714 2390 jam
730 2329 832 2377 turrim
846 2329 932 2376 ostium
947 2327 1066 2376 mtidius:
1090 2333 1115 2376 et
1130 2328 1278 2390 suspicaretur
1293 2324 1346 2374 ali-

694 2461 876 2482 centonum

234 2565 283 2612 -ὅ
295 2561 363 2625 ch.
374 2561 440 2612 Fux.
457 2561 514 2612 Pul.
533 2559 621 2612 Guneli.
637 2561 723 2622 umbo,
739 2564 913 2624 anueoentuloe,
931 2561 1017 2612 Oxou.
1034 2563 1188 2612 trecentulae.
1222 2559 1292 2610 Vide
1308 2562 1344 2609 nd
1449 2587 1450 2608 r

233 2626 304 2676 Flos.
316 2627 351 2675 N.
363 2629 388 2675 d.
405 2626 516 2676 ‘Crines
526 2626 583 2688 ejus
596 2628 712 2674 remulsis
722 2627 799 2675 antiis
816 2635 844 2674 et
860 2625 997 2690 promulsis
1013 2625 1165 2690 eapuaueis’
1180 2628 1346 2674 anteuentuli
1449 2627 1450 2692 ᾗ

230 2689 559 2753 ‘etprapenduti.’1a.-o
569 2691 634 2738 Fux.
644 2691 782 2750 Hic,Pith.
795 2690 857 2739 Hoc.
868 2691 959 2741 Id.-¹t
968 2692 1019 2740 Me.
1028 2692 1134 2754 pbtoris.
1146 2690 1260 2740 Coluius.
1274 2689 1346 2739 Item

235 2751 323 2804 Oxou.
342 2754 406 2802 Fux.
421 2753 508 2802 Guelf.
525 2761 552 2802 et
572 2753 639 2803 Edd.
662 2763 723 2802 note
741 2755 908 2805 Beroaldum.
931 2756 1036 2818 Inepte.
1060 2755 1186 2818 Quispiam
1198 2753 1344 2818 (incid-pu.
1449 2783 1450 2800 .

237 2818 350 2866 oua—8
367 2817 451 2878 Idem,
469 2817 617 2866 collucutuia.
635 2818 749 2867 Calvina.
762 2819 848 2867 Palat·
868 2821 1016 2883 collocutum,
1028 2822 1093 2870 Fux.
1104 2820 1253 2868 sementina.
1271 2817 1345 2870 Oud.

234 2885 284 2930 —9
296 2880 360 2944 Alii,
378 2881 483 2930 deducit.
510 2881 726 2930 Eluteuluarstius.
749 2882 800 2931 Mn.
818 2882 921 2934 D’Oru.
942 2885 1006 2934 Fux.
1024 2885 1099 2934 ilium.
1123 2883 1240 2933 ona-1
1258 2883 1346 2941 Idem,

266 2944 332 3009 'ficia
356 2945 469 2996 Coluiuu.
489 2945 560 2995 Flor.
580 2945 678 3010 opificis.
703 2947 915 2998 Elmeuhorstius.
951 2949 1017 2997 Item
1037 2948 1140 2998 D'Oru.
1169 2947 1257 3005 Oxou.
1275 2947 1345 3002 Fun.
1449 2969 1450 2990 t

257 3014 391 3058 ructaverunt
404 3007 508 3060 D'Oru.
519 3009 608 3060 Guelt'.
621 3025 660 3072 pr.
679 3011 792 3060 oud-2
810 3011 863 3060 Pro
874 3013 939 3061 aliud
951 3014 975 3062 in
986 3013 1055 3062 Pitb.
1063 3012 1133 3062 adiit.
1151 3011 1241 3060 lat-s
1258 3011 1347 3064 Abest
1449 3055 1450 3076 3

231 3075 352 3137 proptera
364 3075 449 3124 Pelat.
469 3082 497 3124 et
514 3073 580 3130 Call.
590 3075 664 3124 Voss.
682 3076 747 3124 Fux.
757 3075 823 3124 'l'utu
835 3083 952 3126 astantem
969 3077 1041 3128 Pith.
1059 3077 1144 3128 Id.-t
1155 3075 1347 3127 Postulaurtibus.

234 3137 301 3188 an.
312 3139 475 3188 clanmntibuu.
493 3139 614 3188 Roaldus.
648 3140 819 3191 clamantibus.
831 3142 923 3203 Vulgo,
938 3142 1116 3204 postulantibus.
1141 3140 1256 3188 Catulus.
1267 3141 1348 3190 Bert.

233 3203 415 3264 postulantibus.
433 3204 650 3254 Elmenborstins.
685 3205 791 3266 Optime
804 3205 919 3266 Coluius,
930 3215 957 3254 et
970 3207 1027 3269 jum
1044 3215 1105 3254 aute
1123 3205 1194 3254 illum
1207 3205 1346 3258 Eddunt.
1449 3237 1450 3274 ;

234 3275 305 3378 post.
318 3267 435 3332 reposuit
450 3267 613 3329 clamantibus,
624 3267 692 3331 quod
705 3269 799 3332 reliqui
811 3269 895 3320 Codd.
909 3277 1056 3319 servarunt.
1073 3271 1216 3320 Puaecessit
1231 3272 1239 3298 ⁶
1253 3277 1346 3332 postu-

246 3329 344 3380 abaut.’
363 3333 479 3380 oua—4
494 3331 607 3393 Ibidem,
618 3332 695 3380 nullus
706 3333 837 3396 respondit,
851 3335 951 3384 domini
986 3334 1147 3397 Οοιηίοιιιῐι,ι
1160 3335 1243 3382 nullus
1261 3333 1346 3382 domi-
1449 3331 1450 3334 ’

234 3407 283 3442 nus
291 3393 311 3442 ι’
326 3399 366 3454 ut,
377 3395 479 3442 ‘nullus
490 3394 598 3445 dixero!
616 3395 683 3444 Colo.
706 3395 784 3444 Solus
795 3411 881 3446 retusus
891 3399 992 3448 Bertin.
1005 3407 1032 3447 et
1043 3399 1111 3447 Pith.
1124 3406 1256 3446 ostentent
1268 3399 1346 3458 illud,

235 3455 304 3522 quod
316 3465 357 3506 est
369 3459 396 3505 in
406 3458 518 3520 vulgatis
530 3465 589 3508 aute
599 3458 728 3516 Colvium,
739 3461 868 3522 respondit,
878 3463 1082 3522 dominip'amfar.
1115 3461 1167 3510 Sed
1186 3471 1347 3512 uocauerant

234 3521 385 3572 dominum:
403 3520 469 3576 Ideo
479 3521 523 3570 ille
535 3521 650 3580 debebat
661 3523 827 3585 respondere.
860 3526 912 3575 Et‘
925 3528 1009 3574 nullus
1021 3525 1170 3589 respoudit'
1187 3539 1235 3588 pro
1252 3529 1259 3554 ‘
1272 3528 1346 3586 nou,’

234 3587 334 3637 Nostro
344 3594 385 3636 est
397 3584 528 3649 frequens.
541 3589 571 3635 1..
584 3599 637 3635 urr.
650 3602 676 3650 p.
687 3591 743 3636 144.
763 3589 875 3638 ‘Nullus
888 3596 974 3640 tamen
986 3591 1124 3640 desinebat
1137 3589 1218 3651 puer!
1235 3592 1265 3640 l..
1278 3605 1346 3642 viru

236 3665 263 3714 p.
276 3654 333 3701 166.
360 3650 368 3678 ‘
381 3648 422 3698 An
434 3651 498 3698 nulli
511 3649 616 3698 scitisi'
633 3649 663 3700 1..
677 3664 709 3702 x..
718 3666 744 3712 p.
756 3657 813 3701 22⁴.
825 3653 851 3700 in
863 3656 1007 3703 nonnullis:
1019 3657 1032 3682 '‘
1045 3669 1093 3703 uec
1105 3655 1270 3703 ullavesanrs
1283 3655 1346 3703 libi·
1449 3695 1450 3698 ,

235 3714 290 3764 diui
298 3713 426 3764 medelam
438 3714 562 3778 cupiens!
579 3715 690 3764 Oud-tt
710 3715 795 3765 Prsue
809 3718 867 3769 Psl.
880 3719 966 3768 oxon.
977 3719 1047 3768 Pith.
1057 3717 1147 3769 Guelf.
1155 3718 1290 3779 sensuros.
1302 3720 1345 3770 Id.

731 3843 840 3894 NOTAE

267 3937 478 4000 instaurata]
498 3937 565 3988 Haec
586 3953 637 3988 uox
655 3938 767 3988 hebetur
808 3956 908 4006 prone,
944 3943 1118 3993 anteuentulus
1150 3941 1239 4005 dictus,
1271 3903 1350 4007 quod!
1449 3945 1450 3954 ’

189 4011 191 4017 ’
235 4013 315 4064 etlam
342 4013 369 4062 iu
397 4013 518 4064 Floridis.
556 4013 767 4065 ‘Antorentnles
809 4025 871 4068 cute
898 4016 1013 4071 frontem
1040 4021 1147 4070 ueniant
1177 4028 1205 4070 et
1227 4033 1345 4092 propen-
1449 4013 1450 4022 ’

236 4103 318 4139 comae
328 4087 335 4110 '
347 4096 417 4149 stunt,
428 4104 485 4153 quae
500 4096 528 4139 et
539 4091 546 4118 ‘
557 4091 635 4140 eutice
648 4089 696 4141 ’et
706 4093 714 4120 ‘
724 4105 767 4141 on·
809 4092 896 4144 deant.

237 4162 344 4230 puonae’
359 4165 537 4228 nominantur,
551 4167 624 4232 quusi
642 4181 657 4216 a
678 4167 766 4232 cupite
