2902 4822
415 332 769 387 uerrucaruosao'u
799 341 947 389 eruin.
1160 331 1227 396 649

124 467 271 558 Placuit,
297 487 334 546 ut
357 483 430 565 ipse
459 481 594 564 quidem
618 483 863 547 contuberniom
880 501 917 549 ee
933 481 1120 568 tantisper¹
1144 489 1224 552 abst

123 580 293 645 conderet.
337 581 426 647 Nam
449 589 573 665 praeter
593 583 760 665 propriam
789 585 1041 662 contumellam,
1068 585 1224 652 militarie

123 682 228 745 etiam
253 684 455 764 sacramenti
477 685 663 766 genium*
677 685 721 747 ob
747 687 907 750 amissam
933 686 1108 769 spatham⁰
1131 707 1225 753 vere-

122 782 258 864 batur3³
282 785 350 866 ipsi
373 791 497 859 autem,
522 785 627 868 signis
653 787 775 850 nostrie
800 787 952 858 enotatis,
976 787 1223 869 investigationi

122 879 350 968 vindictaeque
365 883 519 949 sedulam
532 887 650 950 darent
664 903 813 968 operam.
836 887 870 952 N
871 909 910 953 ec
922 885 1053 952 defuit⁴
1068 890 1224 954 vicinus³

121 985 285 1066 perfidus,
307 987 449 1068 quinos
471 987 565 1052 illico
588 987 773 1054 occultari⁶
797 991 974 1054 nuntiaret.
1018 989 1104 1052 Tum
1130 1009 1224 1055 coma

120 1087 315 1164 militones,⁷
327 1090 503 1152 arcessitis
525 1090 784 1171 nregistratiboa,
804 1092 1009 1154 mentiantur
1030 1093 1223 1160 eeeemulti

118 1259 276 1314 calamitates.
302 1265 424 1330 Optimum
434 1265 507 1326 suctu
516 1265 592 1316 cirum
602 1271 639 1318 ert
648 1266 692 1322 eir,
701 1271 729 1316 ert
739 1265 789 1330 ipae
798 1269 890 1331 pridem
900 1281 943 1332 per
952 1270 1102 1332 aliquantam
1111 1266 1223 1332 temperie

119 1321 207 1396 lateret
217 1323 243 1374 in
253 1329 368 1377 cornmuni
378 1345 458 1378 eorum
469 1331 587 1380 domicilio
599 1329 666 1392 (nom
676 1336 767 1392 preter·
776 1330 949 1392 contumelium,
960 1348 1029 1396 quarn
1039 1327 1221 1393 pamuesueroi,

119 1387 217 1436 taeter
229 1391 301 1440 etiarn
312 1393 391 1442 Derun
401 1396 525 1454 precidem
536 1395 680 1443 emanent
693 1395 808 1444 militarie
816 1401 912 1459 propter·
919 1397 1039 1460 perditum
1049 1393 1145 1453 eurem)
1153 1409 1163 1450 ,·
1174 1391 1223 1454 ipri

119 1463 186 1512 vert,
196 1453 324 1506 durmin
333 1459 421 1505 nerine
431 1458 551 1518 vaurme,
563 1459 666 1508 ttediore
676 1458 838 1509 incumberent
849 1461 999 1524 inquiritioni
1010 1465 1104 1516 nortroe,
1114 1464 1138 1508 et
1149 1458 1219 1506 altio·

117 1511 215 1564 nierroe.
248 1520 285 1568 Ae
294 1525 403 1582 repertae
413 1527 448 1570 eet
459 1522 563 1586 perfidae
574 1521 674 1578 eninm,
692 1521 734 1584 qui
751 1524 851 1583 referret
866 1539 907 1574 noe
925 1523 959 1572 ibi
977 1523 1120 1580 delitescere.
1155 1519 1221 1569 Tune

116 1580 295 1646 arnaudum,
302 1585 423 1648 advocatie
434 1585 737 1652 destructorum
746 1601 771 1638 ee
780 1587 887 1638 ambiere
898 1589 923 1636 in
934 1588 1020 1638 itinere
1030 1603 1071 1636 rae
1081 1592 1220 1646 argenteam

118 1835 264 1884 nrrmerunr,
280 1825 324 1890 qui
341 1835 401 1876 ante
423 1827 542 1878 Colcium
561 1827 805 1886 circumferebatur,
822 1844 837 1877 e
855 1829 977 1892 eimilibue
991 1828 1081 1877 Nostri
1093 1825 1220 1888 exemptis

118 1885 231 1946 prefert
243 1889 368 1952 Pricaeus,
379 1893 539 1952 existimant,
550 1893 620 1941 etaic
630 1892 655 1940 in
668 1893 733 1942 Mer.
744 1895 806 1954 legi.
826 1895 920 1942 Verum
930 1894 977 1941 noli
990 1892 1074 1941 Ursini
1084 1899 1111 1938 et
1121 1889 1218 1938 Pirlroei

119 1949 204 1998 Codd.
214 1952 252 2002 ric
264 1953 369 2006 hebent.
404 1955 435 2004 lc
447 1955 543 2005 cetaria
554 1957 806 2018 triplarumque
816 1958 953 2020 aliquoties
963 1957 989 2004 in
999 1956 1074 2004 eimili
1085 1968 1111 2001 re
1121 1953 1219 2002 Nostro

117 2013 267 2078 adhibetor,
278 2025 307 2066 nt
320 2019 336 2066 l.
347 2033 397 2069 vrr.
409 2034 435 2080 p.
444 2023 501 2068 lit.
522 2026 598 2080 ‘poet
615 2027 701 2068 tentae
713 2034 783 2068 meae
794 2020 898 2070 cladea!
931 2021 961 2069 L.
971 2021 1019 2068 boc
1031 2033 1056 2081 p.
1066 2023 1123 2067 2⁰1.
1132 2018 1141 2044 ⁴
1151 2031 1221 2078 mag·

117 2090 165 2126 naa
185 2085 212 2127 et
236 2089 377 2142 postremae
398 2083 500 2132 domino
522 2083 558 2130 illi
580 2082 715 2132 fundorum
736 2084 826 2132 clades
848 2082 1025 2132 annuncians!
1059 2083 1092 2130 lit
1113 2081 1218 2142 capiar.

81 2182 98 2202 ,,
116 2140 253 2193 Perierat
268 2147 372 2207 conjici,
388 2147 443 2196 irtie
459 2147 584 2208 scriptum
602 2145 682 2196 irrisae
701 2147 733 2195 ab
750 2147 876 2202 Auctore.
909 2147 984 2199 Quod
997 2161 1054 2194 cum
1068 2145 1175 2194 abiisset
1192 2146 1218 2192 ia

116 2205 187 2263 Μαι,
209 2207 324 2258 librarios
335 2211 394 2260 binc
405 2213 495 2260 cladem
510 2225 577 2262 nrcrn
592 2211 670 2260 etiam
689 2212 715 2260 in
733 2211 857 2272 pluralem
870 2219 993 2260 mutasse.
1027 2211 1125 2258 Exrrlet
1135 2208 1219 2256 irtcre

116 2267 178 2318 Pal.
196 2270 286 2321 Guelt'.
298 2281 325 2322 et
337 2274 424 2324 Oxou.
458 2275 511 2323 Pro
523 2279 579 2322 tunc
591 2274 616 2325 in
628 2275 692 2324 an.
711 2275 774 2336 Reg.
791 2283 819 2324 et
831 2275 933 2325 D’Orv.
949 2273 1039 2324 Guelf.
1061 2289 1098 2336 pr.
1118 2287 1219 2335 quoque

116 2339 160 2382 eet
172 2338 268 2394 tantem
284 2337 310 2386 in
323 2338 380 2388 Pel.
397 2335 487 2389 ouetf.
506 2353 559 2387 aec.
575 2353 637 2398 mm,
652 2339 678 2386 in
697 2339 745 2387 Ed.
757 2338 840 2388 Scriv.
862 2345 920 2390 turn.
938 2338 1055 2389 oud—1
1074 2336 1156 2386 Abest
1166 2349 1191 2384 re
1203 2351 1219 2384 a

115 2396 205 2446 Pelet.
226 2414 308 2464 aquo
325 2403 414 2452 exulat
432 2402 495 2449 item
511 2407 608 2464 preter.
627 2402 717 2450 ld.-2
735 2403 786 2452 Me.
802 2417 870 2451 edero
884 2403 989 2464 genium.
1006 2401 1136 2450 Corvinis:
1153 2399 1217 2460 [teg.

115 2460 184 2508 Fax.
202 2465 293 2512 merari
308 2467 414 2526 genium.
447 2465 515 2515 Vide
535 2466 626 2542 Barth.
639 2467 656 2514 l.
669 2479 762 2541 xxxii.
775 2465 887 2549 Advere.
899 2483 922 2515 c.
934 2471 958 2540 ⁶:
971 2465 998 2514 S.
1009 2464 1117 2526 gementi
1127 2459 1217 2512 Guelf.

114 2525 1219 2660 tutarettuttnubtu¹r·,tttntutu-enutritur,

114 2650 208 2700 cincun
241 2655 291 2704 Ed.
308 2656 385 2703 Vulc.
402 2669 454 2706 rec.
470 2654 565 2706 cicinir.
583 2655 673 2704 tri-e
689 2655 790 2714 Scribo,
809 2657 859 2705 illic
876 2655 997 2704 occultari.
1016 2653 1130 2703 Celviue.
1165 2652 1218 2704 rute

115 2713 225 2766 edidere
238 2719 349 2768 Wower.
360 2719 430 2768 Prie,
448 2725 475 2767 et
496 2719 565 2767 uror.
599 2717 651 2767 Sed
666 2719 729 2769 Mra.
747 2728 852 2768 servant
870 2719 944 2778 illico,
961 2717 1033 2782 qrraei
1053 2719 1133 2766 ‘illoc
1150 2715 1219 2774 loci‚'

114 2777 177 2826 ‘illo
194 2779 220 2828 in
237 2782 318 2842 loco;'
339 2789 367 2832 ut
383 2782 452 2844 apud
471 2781 603 2832 Caeciliurn
622 2783 821 2832 etTerentiurn.
854 2785 920 2832 Vide
935 2783 1047 2832 Nonium
1062 2785 1154 2844 pide.
1168 2781 1217 2830 Ed.

116 2839 202 2894 llere.
220 2845 298 2894 Nunt.
307 2848 389 2896 occult.
401 2847 465 2896 Fax.
484 2847 595 2896 ond-t
608 2845 675 2896 Edd.
686 2846 704 2897 J
707 2854 761 2896 unt.
773 2847 833 2898 ΑΜ.
845 2852 910 2897 tunc.
935 2847 1019 2896 Scriu.
1030 2844 1218 2896 commilitiones·

611 2973 721 3022 NOTAE

150 3073 169 3101 ¹¹
187 3067 357 3135 Contubernio]
378 3068 515 3120 Domicilio
535 3067 646 3116 militari.
688 3077 768 3118 rator.

115 3145 184 3192 Ceut
207 3145 509 3209 rire,auctoreVegetio,
521 3145 647 3192 locontu-
718 3146 787 3194 οΟἱ)
809 3145 920 3194 umbrant
945 3143 1066 3208 apetiam]
1104 3144 1215 3207 Paulae,

115 3218 209 3268 berbin
228 3219 421 3282 dividebantur,
439 3221 475 3270 ita
496 3225 535 3282 ut,
556 3219 646 3268 decem
688 3223 757 3284 Lege
773 3222 825 3273 Qui
842 3227 1012 3282 commentor,
1022 3223 1064 3271 14.
1082 3219 1110 3271 ff.
1131 3219 1164 3270 de
1177 3223 1216 3270 lte

113 3293 243 3348 militibus
254 3296 302 3344 aub
313 3309 364 3344 uno
380 3296 512 3359 papilione
529 3293 647 3358 degenti·
687 3297 806 3361 Militari,
819 3298 832 3360 ς
845 3299 868 3345 1.
885 3295 984 3344 ‘Arma
994 3293 1118 3344 alienatae
1136 3311 1215 3358 grave

115 3371 177 3432 bur,
195 3385 257 3419 naue
276 3373 347 3436 quari
361 3391 363 3396 ’
379 3379 505 3434 praesset
524 3370 649 3432 decanus,
686 3373 784 3422 crimen
804 3379 855 3432 ert,
878 3381 906 3421 et
925 3385 956 3418 ee
974 3372 1052 3433 culpe
1074 3368 1215 3422 desertioni

115 3445 162 3509 qni
180 3451 260 3508 eaput
277 3447 439 3496 contubernii
457 3446 647 3494 nominabatur.
686 3457 852 3515 exequatur:
870 3449 960 3512 ntique
972 3448 993 3496 ei
1005 3455 1063 3498 tote
1074 3449 1216 3500 alienavitt

114 3522 321 3572 Contubernium
343 3525 407 3574 illud
426 3525 517 3574 decem
536 3524 646 3573 militum
686 3527 732 3576 red
744 3533 771 3576 et
781 3529 801 3574 ei
815 3533 916 3590 partem
928 3537 1025 3580 eorum,
1037 3524 1086 3572 niei
1099 3523 1167 3586 qrrod
1179 3525 1216 3571 ln·

114 3600 124 3627 ‘
138 3597 299 3662 manipulue'
314 3600 392 3650 etiarn
405 3601 548 3650 dicebatur.
687 3611 785 3652 tereet:
804 3617 863 3651 nam
875 3601 897 3650 ri
917 3600 1006 3650 tibiale
1025 3600 1066 3648 nel
1084 3597 1215 3648 banterale

149 3675 291 3727 'Militanti
302 3677 525 3728 ertemreerementt
534 3672 645 3738 geniem]
686 3677 818 3736 alienauit,
827 3675 949 3738 caetigari
959 3673 1108 3723 verberibus
1118 3673 1214 3725 debete
1235 3720 1238 3725 .

113 3752 148 3801 ld
170 3759 221 3812 ert,
251 3753 353 3814 genium
390 3752 568 3814 Imperatoris,
598 3765 645 3812 per
686 3750 1214 3812 eiveroloricam,scoturn‚paleem‚gla·

114 3839 191 3890 quem
204 3826 276 3876 milen
290 3828 428 3890 juraverat
439 3827 538 3876 solenni
549 3826 645 3875 formu·
684 3827 771 3888 diun13
788 3825 916 3874 desertori
936 3823 1095 3874 simitteeer!
1137 3823 1214 3874 Unde

113 3903 150 3963 le,
160 3917 189 3950 ee
198 3916 329 3968 nonquam
343 3903 505 3952 deserturam
518 3903 645 3966 militiam,
684 3917 734 3950 non
745 3902 810 3958 male
822 3899 917 3949 interae
929 3913 1056 3948 armorum
1068 3899 1214 3964 amissione,

113 3990 165 4026 nec
186 3987 293 4026 mortem
325 3985 500 4027 recreatorum
523 3992 569 4041 pro
591 3978 642 4026 Ro·
685 3992 741 4040 pirae
754 3973 1212 4036 desertionieetaimllie‚violarimi·

113 4067 191 4102 mane
214 4053 370 4116 Republica,
386 4053 514 4104 eternaie
533 4068 560 4105 te
578 4061 644 4102 atre·
684 4053 761 4102 litare
772 4057 969 4111 sacramentum,
981 4065 1030 4114 quo
1044 4050 1136 4114 jurant
1148 4053 1214 4104 rnili-

113 4142 166 4178 nue
178 4126 316 4194 tectorum,
325 4143 383 4195 quae
395 4129 549 4194 preciperet
558 4126 644 4192 lmpe‘·
685 4135 734 4191 ter,
750 4141 777 4176 re
789 4140 918 4191 nunquam
927 4123 1044 4176 militiam
1054 4125 1212 4189 decertaret,
