2922 4826
374 367 738 416 nsrsuonruosuou
766 369 840 415 uro.
864 368 919 415 rx.
1130 350 1195 415 597

88 513 181 574 fame
191 507 227 546 ²¹¹
242 509 474 586 comminatus,
489 510 519 572 si
534 509 704 590 quispiam
718 509 911 586 homiuum‚³
927 509 980 572 vol
991 509 1023 570 in
1039 507 1190 596 transitu,

91 612 203 692 digito
233 616 359 672 tenus*
388 629 462 672 oum
488 611 708 690 contigisset.⁵
754 609 863 691 quue
886 608 1067 692 dejeraos⁶
1090 609 1190 674 etiam

91 711 268 776 confirmat
283 711 468 791 peromniu
480 711 595 774 divina
607 711 772 774 numina.⁷
820 710 905 790 Ergo
922 710 1042 790 igitur⁸
1059 729 1189 774 summo

92 829 224 894 pavore
252 819 475 891 percussum⁹
512 809 737 892 Myrmecom¹
775 813 971 876 acerrimum
999 811 1191 894 relinquens

91 1031 138 1077 que
154 1031 232 1066 secem
248 1021 372 1082 crudelem,
387 1025 411 1070 et
428 1021 587 1079 esuritionem,
604 1021 626 1066 ri
637 1021 699 1067 ullus
709 1021 747 1066 nir
756 993 936 1078 mm'retigtmer
945 1020 981 1066 rel
991 1015 1192 1076 entremoriigilo,

93 1080 168 1128 etium
179 1087 337 1138 transeundo.-
353 1089 422 1146 alque
440 1085 482 1132 lme
497 1085 599 1147 affirmat
611 1083 699 1140 juram
714 1097 756 1143 per
768 1098 849 1136 ¹niumm
860 1084 931 1130 Deos.
965 1082 1106 1143 Relinquem
1116 1081 1193 1139 igilur

91 1143 300 1204 vrgiunrmsrmum
316 1148 424 1196 comitem
439 1163 488 1195 mee
498 1146 592 1207 coniugi
604 1147 747 1208 Myrmecem
761 1147 891 1208 perculsum
906 1145 1009 1194 maximo
1030 1151 1128 1205 terrore,
1142 1145 1190 1191 iter

552 1305 733 1324 ”amomo

93 1409 1190 1538 {tiltts‘lllnlltlt'ttseit“tlttltilt‘titlf'itillinisti

93 1538 191 1586 eruce?
208 1551 255 1586 cur
272 1537 361 1587 infami
378 1553 471 1602 genere
490 1539 609 1603 supplicii
618 1539 637 1588 l’
660 1541 779 1590 incertus
797 1549 888 1589 urrotor
905 1541 931 1588 iu
952 1538 1080 1588 Catuleet.
1098 1537 1191 1600 Virgiiz‘

93 1601 215 1649 ‘Nouius
225 1601 313 1650 infami
325 1603 458 1653 districtus
475 1606 567 1666 stipite
585 1603 718 1653 membra!
734 1604 829 1667 Sciopp.
845 1605 872 1652 in
890 1602 973 1668 Symb.
985 1609 1009 1651 et
1020 1602 1090 1664 Susp.
1108 1603 1153 1654 lib.
1165 1618 1190 1652 r.

93 1667 134 1711 23.
155 1666 186 1712 M
188 1696 193 1707 ·
204 1666 259 1714 niul.
270 1672 293 1714 et
303 1666 423 1725 desumus.
456 1668 499 1716 Sic
512 1669 580 1716 Flor.
592 1669 708 1730 Vulgari,
716 1684 748 1716 m.
759 1683 780 1716 o.
792 1675 815 1717 el
827 1666 916 1726 famem
928 1668 946 1714 i.
957 1668 1033 1716 male.
1066 1667 1194 1730 quuitur

93 1728 161 1776 euim
173 1727 207 1776 de
218 1730 346 1792 supplicio
356 1732 448 1780 crucis.
480 1732 583 1780 Coivius
600 1732 668 1779 bunc
686 1734 768 1780 locum
780 1735 829 1780 non
842 1732 980 1780 intellexit.
996 1731 1104 1778 Eimenlr.
1139 1730 1190 1778 Ms.

92 1792 234 1850 defamem.
266 1795 344 1842 Forte
359 1796 481 1856 defamem,
499 1795 524 1842 io
543 1801 593 1851 est,
614 1794 745 1853 infamem,
762 1803 806 1843 erut
825 1796 919 1855 verius,
938 1798 966 1844 (le
985 1794 1062 1854 some,
1081 1800 1190 1841 mortem

97 1855 208 1902 omnium
221 1856 396 1906 miserrimam.
412 1860 550 1906 Broni.·.-3
564 1859 692 1920 Quisquam
702 1860 828 1906 homiuum.
842 1859 1071 1920 Malim‚qnispuom
1080 1857 1191 1916 omnium.

94 1918 135 1965 Sic
145 1918 216 1980 apud
227 1920 330 1968 Sallust.
349 1921 374 1968 in
386 1923 420 1970 V.
433 1923 462 1970 C.
480 1921 646 1970 ‘Amicorum
659 1937 743 1984 neque
755 1923 840 1980 nobis,
851 1936 935 1984 neque
947 1921 1065 1983 cuiquam
1077 1921 1190 1967 omnium

80 1981 154 2030 ,satis
165 1981 234 2032 fuit!
258 1984 350 2032 Cicero
361 1999 429 2047 supe
442 1986 531 2034 utitur.
556 1987 590 2033 Et
602 1986 681 2047 Apul.
693 1987 726 2033 de
737 1987 796 2034 Deo
807 1986 907 2034 Socrui.
919 1988 927 2013 ‘
938 1999 1042 2032 necesse
1054 1984 1190 2046 quicquum

94 2047 206 2093 omnium
218 2047 285 2110 quod
298 2048 392 2097 babeat
403 2055 430 2097 et
440 2049 540 2097 laudem
553 2049 693 2110 diligentias
703 2058 731 2097 et
741 2050 849 2110 gratiam
859 2047 1020 2097 celeritatis!
1030 2048 1123 2109 Sciopp.
1132 2047 1190 2096 ibid.

95 2108 203 2157 Atride
215 2118 244 2158 tu
257 2112 391 2160 Pricaetuu.
422 2109 515 2160 'Malim
528 2127 656 2160 verorum
670 2113 734 2161 Cod.
749 2112 874 2160 D’Orvill.
893 2113 957 2160 Fux.
970 2118 997 2160 et
1008 2111 1063 2160 Ine.
1073 2111 1190 2174 quispiam

93 2173 221 2222 bominum.
238 2173 358 2223 0ud.-4
375 2175 464 2225 Guelf.
477 2178 559 2230 ambo,
571 2177 644 2236 digno
654 2181 777 2224 lenum—⁵
795 2177 879 2225 Oxou.
891 2175 1042 2236 orgenomesci,
1061 2175 1122 2222 Por.
1134 2189 1190 2235 eng·

93 2236 252 2286 notorie-6
269 2239 355 2286 Oxou.
369 2239 455 2288 Gueli.
471 2254 509 2301 pr.
527 2241 631 2302 ideoque.
647 2240 704 2289 Pol.
723 2239 811 2288 Gnelf.
828 2248 946 2304 uterque,
963 2239 1084 2297 immotis.
1100 2238 1191 2287 ld.·-⁷

93 2298 217 2348 Tbrlirlnn
228 2309 299 2349 recte
311 2301 394 2350 Aldus
412 2304 520 2352 induxit·
538 2304 645 2352 Elmenb.
680 2305 817 2352 Postrema
828 2317 878 2352 vox
896 2304 957 2350 milri
977 2302 1081 2366 quidem
1099 2311 1192 2363 pirrum

95 2368 185 2424 putum
202 2364 335 2424 glossema.
356 2368 441 2416 Bromi.
475 2367 569 2416 Errant
585 2374 711 2431 uterque3
728 2368 790 2416 lieet
807 2368 888 2416 diuino
907 2367 973 2415 absit
991 2367 1068 2414 etism
1088 2365 1121 2414 sb
1142 2365 1191 2413 Ed.

95 2426 169 2476 lunt.
187 2442 227 2490 pr.
245 2427 297 2477 Adi
315 2444 401 2478 rursus
422 2430 561 2491 Prireeum,
580 2438 608 2479 et
627 2446 685 2493 quae
702 2431 790 2479 notavi
806 2431 946 2494 sulpitio.
963 2429 1192 2478 ‘calcatisdivinis

96 2491 260 2540 numinibus!
278 2494 390 2543 Orsi—8
409 2496 473 2555 Ergo
486 2496 570 2555 igilur.
603 2493 686 2543 Abest
704 2495 792 2542 ultimo
811 2509 860 2543 vox
879 2509 894 2542 s
915 2495 979 2544 Fur.
995 2495 1084 2542 lu-tr
1101 2494 1194 2540 Pavore

94 2555 233 2614 permistim.
269 2557 458 2619 liispercusnm.
491 2559 578 2620 Forte,
591 2573 731 2620 percussum.
748 2559 859 2607 Colvius.
892 2558 1009 2620 corrigo,
1018 2557 1145 2618 perfusum,
1163 2562 1193 2602 ut

95 2618 138 2664 ub.
150 2631 170 2667 1.
186 2619 340 2680 ‘Insperato
353 2622 448 2683 garrdio
465 2621 607 2684 perfusus;’
625 2628 660 2677 et,
677 2624 744 2670 ‘non
762 2622 897 2683 sauguine,-
913 2621 957 2669 sed
976 2621 1038 2669 lotio
1057 2615 1194 2682 pertusio:
1294 2675 1297 2682 ¹

97 2691 124 2728 et
138 2682 184 2730 lib.
195 2697 226 2732 rr.
244 2684 355 2732 ‘rubore
372 2683 499 2744 suffusus,’
518 2693 545 2734 ut
566 2687 672 2734 Peteon.
688 2683 827 2746 ‘perfusus
847 2685 958 2734 rubore.¹
974 2684 1062 2732 Broni,
1097 2683 1193 2742 Persrsi

97 2759 147 2792 vox
166 2745 226 2795 hinc
242 2747 325 2795 aliena
342 2756 391 2798 est.
425 2750 566 2798 Percussum
583 2750 629 2798 dat
648 2747 775 2797 D'Orvill.
796 2758 825 2798 ut
843 2751 927 2797 soient
945 2750 984 2798 lue
1005 2761 1081 2798 voces
1099 2747 1194 2794 variari

97 2823 207 2871 semper,
217 2811 256 2859 ita
266 2819 295 2860 ut
306 2826 376 2873 sepe
388 2813 498 2870 nescius,
506 2815 566 2878 quid
579 2811 711 2875 praeferus.
742 2814 810 2861 italo
823 2821 907 2862 tamen
919 2813 961 2862 bio
971 2826 1113 2875 percussum.
1141 2809 1194 2858 Adi

96 2872 128 2920 ad
142 2874 323 2924 Lucau.1ib.1.
337 2880 394 2924 486.
411 2879 519 2939 ‘vulgus
536 2877 606 2924 inani
620 2877 772 2925 Percussum
785 2884 884 2925 terrore
897 2884 974 2937 pavet
984 2875 1002 2924 :'
1019 2884 1046 2924 et
1057 2875 1146 2924 Heius.
1158 2873 1191 2922 nd

97 2936 167 2996 virg.
179 2939 237 2987 AEn.
250 2954 269 2988 1.
282 2944 338 2989 ⁵11.
352 2940 512 2989 ‘Peruussns
524 2941 637 2989 Achates
650 2941 803 3003 Laetitiuque
816 2941 954 3002 metuque.’
970 2941 1075 2990 Sueton.
1092 2937 1151 2986 Tib.
1163 2937 1193 2986 C.

87 3002 136 3064 ..lh
153 3002 312 3050 ‘Percussus
332 3003 409 3065 igitur
426 3005 558 3066 inopinato
578 3003 623 3054 rel
656 3003 736 3064 iufra,
757 3011 843 3063 recte;
861 3005 949 3052 ‘tauto
960 3004 1055 3061 calore,
1066 3011 1191 3063 tantaque

96 3062 167 3112 rabie
178 3067 313 3128 perculsus
324 3067 339 3114 :'
355 3075 381 3115 et
394 3068 439 3116 lib.
451 3082 478 3116 x.
493 3068 619 3116 ‘liliorum
629 3077 710 3116 morte
722 3065 872 3130 perculsus!
889 3069 1000 3115 Oeam—l
1013 3067 1080 3115 Flor.
1093 3064 1193 3114 D'Orv.

97 3125 160 3177 Fun.
177 3130 318 3192 Myrmieem
331 3132 371 3180 vel
382 3132 516 3180 Mirme'cem
533 3147 630 3194 rursus,
647 3140 677 3180 ut
696 3139 723 3179 et
739 3131 799 3178 dein
811 3129 900 3179 Gueif.
912 3140 940 3178 et
951 3130 1037 3178 Oxou.
1049 3132 1075 3192 iu
1088 3141 1137 3191 quo
1148 3127 1191 3174 bic

587 3292 699 3341 NOTAE

129 3414 141 3447 h
157 3417 195 3464 M.
207 3417 305 3478 (leuique
316 3433 339 3465 n.
350 3416 449 3476 defurme
460 3417 509 3480 [M.
519 3434 543 3467 υ.
555 3419 625 3476 else·
665 3421 673 3446 ⁴
686 3433 719 3466 ue
739 3418 859 3465 surrilium
879 3424 971 3464 contro
991 3415 1127 3474 sevitiam,
1150 3417 1192 3463 vel

97 3489 168 3551 mem]
188 3491 392 3539 Elmenlrorstiur
402 3500 491 3540 tuetur
502 3493 625 3554 scriptam
665 3493 814 3550 famemvel
825 3493 1010 3540 intolerabilem
1021 3491 1138 3554 injuriam
1147 3491 1192 3538 de-

98 3565 123 3612 in
135 3565 198 3614 Mes.
211 3565 363 3628 quibusdam
375 3567 515 3616 lectionem
529 3573 626 3615 mortem
665 3577 774 3634 negetur
793 3569 841 3626 his,
855 3569 899 3631 qui
913 3569 987 3631 juste
1001 3565 1193 3628 deprecentur,'

97 3642 220 3688 violentum
235 3647 258 3688 et
276 3642 398 3700 lidorum,
415 3640 520 3690 frustra.
553 3643 625 3691 Nihil
665 3651 714 3695 &o
749 3645 826 3709 Apud
839 3645 969 3704 Plautum,
987 3644 1014 3691 iu
1025 3643 1192 3690 Menreohnri

97 3714 338 3764 bicsoiicitsndum.
374 3717 473 3764 Notum
485 3725 526 3766 est
537 3718 625 3766 herilis
666 3725 725 3774 Act.
748 3737 774 3772 v.
797 3723 873 3772 Scen.
894 3727 919 3770 6.
943 3720 1073 3769 Messenio
1096 3733 1194 3768 servus.

98 3790 123 3837 in
141 3804 229 3840 servos
248 3792 360 3840 sevitie·
373 3791 465 3853 fuisse,
480 3807 525 3841 eos
543 3808 627 3842 nrace·
664 3799 811 3859 ‘verberum
830 3796 979 3859 compedes,
997 3795 1083 3855 moire,
1099 3809 1194 3857 magns

99 3878 154 3912 rare
166 3864 242 3914 fante.
261 3866 292 3913 ln
304 3866 423 3927 Epistola
434 3868 493 3915 Divi
502 3868 627 3920 Antonini
668 3873 814 3932 bussitudo,
825 3870 915 3932 furnes,
923 3869 1004 3932 frigus
1016 3869 1117 3930 durum,
1128 3869 1193 3918 Haes

99 3942 137 3988 Pii
154 3943 467 3994 udlEliumliinroiauum
482 3944 627 3994 Proconsu-
669 3949 754 4012 prelis
771 3954 832 3995 suut
849 3946 966 4006 ignaviae.
1000 3943 1032 3991 Id
1043 3957 1091 4004 ego
1101 3945 1196 3992 malum

98 4017 148 4064 iem
160 4017 267 4068 Borticae
280 4017 363 4065 relata
375 4018 426 4078 leg.
434 4023 458 4066 2.
470 4016 498 4066 ff.
509 4022 516 4046 ‘
527 4021 569 4069 De
581 4022 629 4083 bis,
669 4023 776 4080 metuo?
788 4026 837 4070 &m
860 4021 888 4069 Si
900 4018 961 4082 quid
974 4031 1035 4080 ergo
1045 4019 1196 4068 mittendum

100 4093 142 4152 oui
155 4095 194 4143 sul
207 4094 247 4140 uel
259 4093 334 4140 alieni
349 4093 497 4155 jurirsunt.
521 4097 572 4146 Sed
585 4097 630 4146 do·
670 4102 712 4150 bio
723 4105 801 4161 esset,
811 4101 941 4161 legerem:
959 4100 1056 4144 mortem
1070 4097 1197 4146 briomde

99 4169 225 4218 minorum
240 4167 368 4230 interest,’
377 4168 463 4234 inquit
478 4169 633 4238 Imperator,
666 4176 744 4238 some,
755 4173 782 4224 id
794 4179 845 4235 est,
856 4170 924 4220 inme
935 4170 1095 4220 accersitum.
