2922 4826
223 297 289 366 586
696 311 852 360 ananau

223 456 315 535 nati3
332 458 388 518 et4
402 453 438 516 in
451 451 587 516 modum
596 453 760 535 pugilum,
775 453 834 536 qni
848 452 1038 535 pulvisculo
1047 453 1216 536 perspersi
1226 455 1335 520 dimi-·

225 563 311 632 cant,
326 553 551 618 farinulenta⁵
577 553 684 617 cinere
703 552 837 616 sordide
857 549 1057 618 candiduli.¹¹
1101 554 1124 618 J
1126 575 1181 619 am
1194 557 1236 620 de
1249 577 1331 622 meo

220 657 422 740 jumentario
435 654 453 730 ⁶,
465 656 683 720 contubernio
698 654 790 738 quid,
805 657 860 720 vel
874 656 917 719 ad
933 675 1031 739 quem
1046 657 1184 720 modum
1199 677 1333 722 memo.-

224 761 337 823 rem‘l⁷
377 757 506 836 Quales
538 756 587 818 illi
616 757 699 820 muli
728 775 838 833 senec,
874 758 930 821 vel
958 757 1143 822 cantherii⁸
1170 758 1331 824 denuost

227 859 327 924 Circa
342 857 546 942 praesepium
561 857 676 940 capita
685 853 855 935 demersi,¹
869 859 1133 944 contruncabant
1146 860 1252 924 moles
1266 881 1332 943 pa-

223 962 368 1024 learum:
398 957 530 1020 cervice
541 957 696 1020 cariosa⁹
719 958 892 1022 vulneram
908 959 1090 1041 putredine,
1108 960 1333 1026 follicantesm

226 1067 345 1128 nares¹
363 1058 539 1141 languidas
554 1059 692 1124 assiduo
704 1059 804 1142 pulsu
814 1059 994 1126 tussedinis
1005 1067 1019 1096 ¹¹
1034 1060 1164 1137 hiulci,²
1175 1069 1329 1144 pectora³

226 1281 269 1332 que
285 1268 364 1316 minsa
381 1267 489 1319 cobbart
506 1266 594 1316 malis:
610 1271 680 1316 eruat
696 1281 786 1330 qaoque
801 1267 847 1316 toti
856 1263 905 1316 albi
920 1265 1132 1326 iaonaadosarinoe
1139 1267 1235 1328 polline,
1250 1269 1332 1316 instar

225 1333 376 1393 athletarum,
391 1331 432 1393 qai
447 1336 556 1395 papam
574 1331 693 1394 conspersi
711 1331 800 1380 minuo
815 1333 920 1394 pulvere.
953 1331 1018 1386 Qata
1033 1335 1111 1380 cutem
1121 1337 1145 1380 cl
1155 1333 1265 1394 quomodo
1275 1332 1333 1392 jara

225 1397 326 1456 referam
336 1396 495 1456 delumente's,
505 1396 564 1444 eneis
573 1393 796 1444 contubernalibus?
812 1397 891 1457 quales
900 1401 969 1444 mant
985 1395 1023 1443 illi
1037 1401 1126 1443 aetam
1137 1397 1195 1444 malt
1204 1402 1228 1444 et
1238 1396 1333 1460 infima

227 1459 301 1524 equi!
315 1459 549 1522 amarquetias
559 1459 622 1508 circa
630 1473 733 1522 presepe
743 1460 811 1507 acide
821 1459 1006 1509 comminuebant
1016 1474 1109 1508 aceruos
1117 1487 1119 1492 ·
1122 1460 1245 1522 palearum
1254 1476 1263 1508 .·
1283 1461 1332 1508 col-

119 1559 122 1566 ·
226 1526 275 1574 laon
292 1524 408 1574 trabebant
422 1523 546 1586 putridam
562 1523 738 1587 palagianum
756 1523 891 1572 anhelantes
906 1529 931 1574 et
949 1524 1075 1585 tangamus
1089 1528 1197 1587 patentes
1218 1524 1329 1574 eandm

688 1665 873 1686 &mmm

227 1763 344 1814 lib-'vnn
361 1780 387 1828 p.
399 1769 456 1814 168.
473 1763 641 1814 ‘Visceribus
654 1763 756 1814 adesis!
790 1765 858 1814 Pitb.
872 1765 990 1828 palpebris
999 1767 1090 1815 adteri.
1108 1765 1227 1815 oud-*8
1245 1765 1331 1817 Quam

229 1843 310 1892 praee
321 1829 437 1880 Pricaeus
448 1829 591 1888 existimet,
601 1827 711 1878 fortasse
729 1829 821 1878 melios
839 1830 930 1890 reponi
949 1830 1011 1892 ideo,
1028 1831 1112 1880 discas
1131 1844 1164 1878 ex
1182 1831 1278 1880 natatis
1299 1831 1333 1880 ad

204 1937 206 1942 .
229 1893 274 1946 lib.
293 1906 357 1944 vrrs.
375 1909 401 1958 p.
414 1897 470 1944 169.
496 1893 604 1958 ‘Atque
625 1892 691 1942 adeo
711 1894 752 1941 vel
772 1893 897 1943 donemus
919 1893 1103 1944 eum.'1d.—4
1123 1894 1165 1942 Ut.
1192 1895 1279 1956 Lego:
1298 1901 1332 1945 et.

229 1959 336 2022 Sciopp.
347 1959 373 2007 iu
387 1959 474 2022 Symb.
509 1959 544 2007 Et
555 1965 594 2006 est
605 1957 631 2004 in
642 1957 709 2006 Mss.
721 1964 749 2006 et
759 1957 826 2006 Edd.
847 1958 882 2006 0.
900 1965 998 2020 praeter
1015 1959 1087 2008 Colv.
1104 1958 1179 2007 Vulc.
1190 1958 1276 2008 Mese.
1288 1961 1333 2008 El·

229 2023 314 2074 meuh.
326 2037 359 2071 ex
371 2023 564 2086 typothetarum
575 2035 675 2070 errore.
707 2021 793 2070 Voces
805 2022 846 2083 qai
859 2021 987 2084 puluisculo
996 2022 1114 2084 perspersi
1123 2022 1246 2082 dimicant,
1258 2024 1333 2086 quasi

130 2086 134 2095 '
167 2093 169 2096 '
230 2087 352 2148 glossam,
361 2086 488 2135 uncinulis
500 2085 603 2134 inclusit
614 2085 769 2134 Scriuerius.¹
785 2087 897 2134 Oud.-⁵
915 2087 1079 2136 Farinolento.
1111 2087 1161 2134 Ma.
1172 2085 1333 2144 farinulenta.

230 2151 344 2200 Calvina.
378 2150 447 2198 Flos.
458 2148 617 2208 farinulenta.
644 2149 719 2198 Bert.
730 2148 756 2208 s.
768 2163 859 2212 amare,
870 2149 944 2199 male.
961 2151 1070 2199 Elmenb.
1104 2150 1332 2199 Furinalentacnm

229 2213 299 2264 Flor.
311 2214 406 2265 Catuli.
420 2213 503 2263 carm.
513 2217 554 2262 98.
569 2213 721 2261 ‘Virtutum
733 2213 844 2262 omnium
856 2214 951 2263 acerba
960 2213 1040 2263 cinis!
1074 2213 1159 2262 Carnu.
1169 2227 1208 2263 vr.
1220 2219 1261 2264 66.
1276 2217 1284 2242 ‘
1297 2217 1332 2265 Et

231 2285 330 2328 sautans
347 2279 518 2342 nequicquam
530 2277 677 2340 alloquerer
687 2277 818 2327 cinerem!
836 2279 942 2328 Lucret.
954 2291 993 2328 rr.
1004 2281 1062 2328 924.
1080 2281 1087 2305 ‘
1102 2279 1196 2330 Cluere
1209 2285 1237 2327 ut
1248 2281 1330 2328 malta

228 2343 294 2392 latet
306 2343 415 2392 obrutus
427 2341 514 2404 ignis!
546 2341 588 2390 Sic
599 2349 628 2390 et
638 2341 703 2390 Cod.
716 2341 792 2390 Bodl.
804 2347 832 2392 et
841 2341 953 2391 Serenus
961 2341 1149 2404 Sammonicus,
1159 2343 1269 2404 Plinius,
1278 2345 1332 2392 Va-

229 2406 354 2467 lerianus,
370 2405 486 2456 Scribon.
502 2405 611 2468 Largus,
632 2409 690 2455 2³⁰.
723 2405 760 2454 At
770 2406 894 2467 Virgilius
914 2415 942 2456 et
960 2407 1059 2456 Statius
1073 2421 1175 2469 semper,
1187 2407 1333 2458 masculine.

236 2471 364 2522 Wass.-6
383 2471 478 2532 Vulgo,
499 2468 654 2530 jaoaeatario.
695 2469 856 2532 dumentum,
873 2471 1065 2534 jumentarios:
1088 2471 1260 2532 Momentum,
1278 2486 1332 2520 mo·

230 2536 384 2586 mentarius:
402 2533 558 2597 Argentum,
574 2535 743 2596 argentarius.
760 2534 827 2584 Colo.
862 2535 912 2584 Ed.
924 2537 1000 2586 ,lunt-
1013 2543 1080 2598 post.
1099 2551 1156 2584 cum
1169 2537 1233 2584 Mas.
1246 2536 1280 2584 Ο.
1289 2539 1331 2598 ja-

231 2600 348 2649 mentario
354 2599 409 2661 jam
420 2597 539 2660 dederat,
557 2605 586 2646 ut
597 2599 685 2648 debet.
717 2597 786 2647 Vide
798 2599 830 2648 ad
841 2600 948 2649 Suetou.
959 2599 1050 2650 Claud.
1061 2615 1084 2648 c.
1094 2605 1118 2648 ὓ.
1130 2607 1158 2648 et
1168 2599 1255 2648 Gloss.
1270 2601 1332 2650 Oad.

231 2668 280 2712 -l
298 2663 401 2728 D’Orlv.
417 2663 536 2712 memorre.
553 2661 643 2711 Id.-8
661 2662 746 2712 Oxou.
765 2677 781 2712 a
800 2678 835 2712 m.
855 2679 893 2725 pr.
912 2663 1332 2726 cantari‚Guelf.cantbert.1d.-

233 2731 250 2775 9
267 2726 355 2778 Guelf.
372 2741 425 2775 sec.
436 2727 536 2775 carlom.
554 2725 643 2776 Id.-l
661 2726 714 2775 Mn.
725 2730 800 2776 aues.
833 2727 1006 2776 Tertullianus
1018 2727 1062 2776 lib.
1074 2727 1106 2776 de
1118 2728 1213 2788 Pallio,
1225 2729 1331 2792 loquens

232 2790 266 2840 de
281 2791 484 2840 chamaeleonte:
503 2796 510 2818 ⁸
524 2789 646 2838 Oscitans
659 2791 785 2849 vescitur,
796 2789 914 2840 follicans
927 2791 1057 2841 rruninat!
1075 2792 1140 2842 Calc.
1173 2792 1240 2841 Vide
1251 2793 1331 2841 Salar.

234 2855 271 2904 ibi
292 2870 319 2918 p.
330 2859 389 2904 151.
429 2854 461 2903 In
481 2855 567 2904 Palat.
580 2853 717 2914 solicantes.
733 2854 804 2902 Pitb.
820 2870 886 2904 nare.
904 2855 1024 2905 ond-2
1042 2856 1111 2905 Flor.
1128 2871 1152 2906 a.
1170 2871 1196 2918 p.
1211 2862 1232 2905 t.
1247 2857 1331 2905 inulti.

231 2920 307 2969 Tales
324 2919 333 2947 ⁴
346 2918 486 2968 tussiacos'
502 2926 578 2968 vocat
589 2919 723 2968 Firmicns.
738 2919 897 2969 lilariensis-8
916 2919 1003 2970 Oxou.
1014 2935 1030 2969 a
1042 2934 1075 2968 m·
1087 2934 1126 2984 pr.
1143 2925 1245 2984 pectore.
1261 2921 1330 2972 Oud.

626 3103 636 3112 .
728 3053 837 3105 NOTAE

230 3153 397 3224 frumentum,
416 3151 462 3202 sed
477 3151 764 3216 panemetiamcoque·
804 3155 977 3206 ‘deformiter
1003 3155 1126 3206 formati?
1176 3157 1224 3206 Est
1249 3157 1331 3220 ligura

232 3231 304 3281 bant.
337 3229 513 3294 EtApulelus
530 3229 572 3277 bic
591 3227 624 3276 de
643 3226 715 3276 fumo
732 3242 764 3278 ac
804 3230 964 3281 Rhetoribus
984 3232 1136 3295 Oxymoron
1147 3231 1227 3282 dicta.
1259 3234 1331 3284 Allu-

232 3319 341 3368 vapore‚
352 3305 396 3366 qul
408 3317 441 3350 ex
452 3301 528 3351 furno
539 3303 605 3362 exit,
615 3303 676 3350 dom
685 3302 763 3366 liguis
798 3305 842 3355 'dit
859 3315 947 3358 antem
960 3308 1002 3356 bic
1017 3309 1173 3372 joculariter
1190 3308 1222 3357 ad
1234 3323 1331 3358 morem

230 3379 336 3445 injectis
358 3375 455 3438 calefit,
479 3378 549 3440 loqui
571 3377 692 3438 videtur;
718 3377 763 3442 qui
802 3381 940 3443 Veterum,
967 3382 1012 3446 qui
1034 3389 1094 3446 toga
1116 3383 1227 3432 candida
1248 3385 1332 3436 induti

229 3457 318 3507 famas
341 3455 417 3504 valde
440 3461 519 3503 nocet
540 3455 631 3515 oculis,
653 3455 763 3519 cillaqae
802 3457 970 3518 magistratus
980 3458 1115 3520 petebant.

230 3545 412 3596 nonnunquam
425 3529 519 3592 adurit,
541 3529 562 3578 si
573 3531 719 3593 prasertim
730 3530 764 3580 ad
836 3529 843 3563 ¹
861 3533 947 3595 Capita
968 3533 1081 3597 dancrat]
1106 3534 1166 3585 Hac
1188 3549 1252 3586 voce
1267 3535 1329 3587 ‘de-

229 3608 400 3674 praet'arnium
411 3605 519 3669 propias
531 3612 559 3655 et
568 3606 697 3656 incautius
704 3608 762 3672 qais
803 3607 897 3656 merai'
913 3623 1012 3657 summa
1033 3609 1160 3671 ingluvies
1182 3611 1329 3663 denotatur.

232 3685 349 3735 accedat.
393 3682 472 3743 Nam,
489 3681 512 3728 si
533 3680 566 3729 de
586 3683 696 3746 caligine
716 3684 763 3733 illa
802 3680 937 3732 Inveteri
954 3683 1162 3746 Epigrammata:
1179 3686 1284 3736 ‘cerne
1301 3695 1331 3738 nt

228 3773 289 3810 eum
302 3758 372 3823 loqui
384 3757 458 3818 velis,
471 3771 529 3819 quas
540 3755 622 3806 fiebat
632 3757 659 3806 in
674 3757 761 3821 pistri-
802 3755 921 3806 demerso
933 3758 1046 3807 torridus
1057 3773 1102 3808 ore
1114 3759 1203 3810 bibat!

229 3851 264 3886 no
283 3850 316 3886 ex
337 3835 408 3883 fumo
427 3838 455 3882 et
472 3830 578 3896 fuligine
590 3834 762 3898 lacernarum,
834 3839 853 3866 ¹²¹
869 3832 1022 3896 follicantes]
1049 3835 1153 3884 crebris
1176 3837 1329 3888 anhelitibus

230 3912 264 3962 ad
273 3925 335 3976 quas
347 3909 456 3958 farinam
467 3907 650 3966 lucubrabant,
662 3923 714 3959 non
726 3910 762 3960 vi·
801 3912 877 3958 taras
884 3908 1044 3973 accipientes
1063 3910 1238 3976 reddentesqe
1249 3913 1329 3964 instar

229 3989 307 4039 detur
332 3986 470 4035 verisimile
497 3984 634 4048 palpebras
651 3985 762 4050 caligine
801 3982 910 4034 follium.
944 3999 946 4003 ’

233 4062 362 4130 ejusmodi
373 4059 450 4110 adedi
463 4059 590 4124 potuisse.
834 4067 846 4095 ¹¹
866 4059 1013 4124 lbssedinis]
1039 4049 1203 4115 Vocabulum
1215 4063 1247 4114 ab
1259 4062 1327 4130 Apu·

264 4139 278 4176 ¹¹
295 4138 395 4190 Sordide
414 4133 548 4198 candidati]
565 4137 610 4209 §ic
632 4136 677 4188 lib.
701 4151 762 4188 arra.
803 4135 854 4186 leio
865 4133 965 4199 fictam,
976 4149 1034 4199 pro,
1046 4137 1120 4186 tussi.
1211 4159 1213 4165 ·
