2922 4826
400 343 758 394 unusuanuuosnou
786 346 859 394 nin.
883 347 939 396 ix.
1151 335 1217 402 591

111 491 194 555 lens
206 508 323 555 omnes
331 489 497 568 homines,
510 495 543 554 et
554 490 732 555 miserum¹
747 491 901 554 maritum
910 490 1095 574 decipiens,
1108 500 1219 558 mutu·

63 641 67 644 -
112 592 189 656 tino
202 611 296 656 meru
314 596 348 656 et
371 591 531 655 continuo
547 598 665 674 stupro
682 594 1079 674 eorpus·maneiparut.²¹
1121 593 1217 660 Talis

114 694 178 757 ille
191 693 307 757 mulier
321 693 405 776 miro
420 712 473 756 me
489 694 751 775 persequebatur
776 693 866 757 odio.
920 693 954 758 N
957 713 1011 758 am
1035 701 1068 759 et
1091 695 1219 760 anteluss

116 795 175 857 aio
186 795 362 859 ³recubans
377 793 516 872 adhuc,4
530 792 687 876 subjungi
697 793 861 859 maehinae
871 796 1033 858 novitium
1048 795 1220 860 clamabat

116 895 296 960 asinum-:⁵
318 903 352 960 et
376 897 489 960 statim
512 903 552 962 ut
577 897 735 982 cubicula
756 896 902 979 primum
919 904 1150 979 processerat,
1172 898 1222 960 in-

118 995 265 1061 sistens⁶
280 999 429 1063 incoram
444 997 520 1062 aui⁷
536 999 658 1081 plagas
669 998 751 1062 mibi
765 998 1027 1082 quamplurimas
1041 998 1176 1080 irrogari
1188 998 1221 1064 :⁸

118 1104 155 1163 et
173 1120 262 1165 'cum
291 1101 511 1184 tempeative
528 1099 669 1184 prandio
697 1100 888 1164 laxarentur
913 1099 1069 1180 jumenta
1095 1103 1219 1176 cetera,

117 1200 223 1283 louge
235 1202 365 1266 tardius
385 1222 438 1266 me
454 1202 617 1285 applicari
631 1201 799 1284 praesepio
808 1200 975 1283 jubebat.¹
1022 1198 1134 1277 Qnae²
1154 1219 1222 1264 εω-

118 1303 203 1367 vitia
230 1305 338 1369 multo
364 1305 444 1370 mihi
470 1305 579 1386 magis
603 1303 781 1385 genuinam
808 1303 1052 1366 curiositatem³
1083 1300 1118 1363 in
1140 1319 1220 1364 enos

117 1491 203 1553 mines,
212 1500 282 1555 utare
292 1494 409 1554 infelicem
418 1509 486 1544 suum
496 1494 584 1553 airum,
595 1497 719 1544 &emerat
735 1509 804 1544 saum
819 1509 902 1558 carpus
918 1494 1038 1555 ebrietati,
1053 1493 1083 1543 ab
1093 1493 1143 1556 ipsu
1154 1505 1222 1542 mune

117 1555 285 1618 iucipienti,et
296 1558 524 1611 asridaaudulluia.
558 1559 605 1608 illa
622 1559 704 1608 mulier
719 1559 754 1608 sic
772 1565 864 1608 murata
882 1561 965 1608 aderat
983 1573 1021 1606 mc
1040 1559 1124 1606 mirum
1135 1557 1161 1605 in
1170 1572 1221 1633 ma·

118 1621 193 1669 dam:
209 1635 263 1668 nam
273 1626 329 1670 anic
338 1623 412 1671 iucem
421 1624 497 1672 adbuc
507 1625 533 1672 in
543 1623 700 1683 lcctcjaceue,
716 1639 801 1685 magna
817 1625 917 1672 clame
933 1622 1092 1698 precipiebat,
1104 1626 1129 1669 ul
1141 1635 1221 1696 asanaa

118 1697 201 1758 recena
210 1689 286 1732 emtus
296 1688 363 1734 mala
373 1688 529 1748 alligaretur:
548 1693 572 1736 et
590 1703 641 1736 cam
657 1689 761 1750 primam
779 1703 873 1749 egressa
892 1693 943 1736 crat
962 1701 993 1736 ex
1009 1687 1122 1762 cubicula,
1138 1690 1221 1744 statum

118 1748 262 1822 imperabat,
272 1755 299 1798 ut
310 1751 482 1814 quamplurima
499 1751 597 1800 uerbera
613 1752 672 1800 mibi
685 1766 764 1804 caram
774 1767 799 1800 ac
809 1755 1000 1812 coagmentetur,
1011 1751 1063 1813 ipsu
1073 1755 1166 1798 iustam
1176 1764 1223 1797 ra·

119 1811 1144 1942 triballilllltlllltttttttittillitilimittit
1150 1815 1224 1924 ’titt

120 2131 135 2165 a
156 2124 232 2180 paret
243 2117 379 2182 vestigium
389 2120 466 2183 hujus
476 2120 603 2170 lectionis.
627 2121 728 2171 -Habet
736 2121 804 2170 euim
820 2121 941 2171 convictis.
958 2119 1082 2169 Raaldus.
1115 2119 1218 2180 Malim,

149 2187 236 2231 seruat.
251 2184 326 2234 aarum.
342 2185 456 2234 Calvina.
481 2185 564 2234 Vanis.
589 2185 671 2234 Aldus
691 2195 719 2234 et
736 2187 805 2234 Flor.
817 2202 839 2233 a·
850 2187 938 2234 numne.
955 2184 1221 2236 Elmenborstiua.—l

121 2246 186 2296 Fun.
203 2247 377 2304 miserrimum
393 2255 423 2298 ut
444 2264 469 2311 p.
480 2253 538 2297 241.
555 2249 603 2298 ‘Iu
623 2250 728 2298 exilium
740 2249 876 2297 miserrimi
888 2249 993 2298 mariti!
1014 2250 1149 2298 iterim-l
1168 2248 1221 2296 Me.

117 2311 178 2370 prule
188 2325 273 2373 carpus
283 2327 314 2360 m.
327 2311 430 2374 Sciapp.
440 2311 466 2360 in
478 2313 608 2375 Symbola.
625 2314 713 2364 Patet.
729 2313 887 2376 mancipabat.
906 2314 992 2364 Oxou.
1004 2311 1094 2362 Gueif.
1106 2327 1146 2374 pr.
1156 2326 1223 2360 man·

120 2375 216 2436 dauni.
236 2375 354 2424 Unde-3
372 2377 443 2425 Pitb.
462 2383 518 2425 aute
535 2379 615 2426 lucem.
632 2378 721 2426 la-a
739 2378 791 2426 Ms.
810 2378 956 2426 recubamet
967 2379 1051 2426 adlice.
1071 2377 1143 2425 Coie.
1178 2375 1223 2424 Sic

121 2438 1222 2568 titttmittbtttll:„ttttl‘sttttrintuituilimata:

121 2567 159 2614 M.
171 2567 287 2615 dictabat.
305 2569 336 2616 B.
348 2569 472 2628 subjugum
482 2570 596 2618 macbiuoe
606 2570 722 2618 novitium
731 2569 841 2618 ductabat
852 2571 952 2618 asinum
970 2570 1131 2618 Purean.-a
1149 2567 1223 2615 lusia·

122 2630 290 2690 teuajabebat.
307 2633 338 2679 Β.
355 2633 592 2693 institaresjubebat.
610 2634 742 2682 Idem-l
760 2632 849 2684 Guetf.
862 2647 920 2682 am.
933 2647 985 2681 tec.
1004 2635 1031 2681 in
1049 2630 1184 2680 memoriam
1203 2646 1223 2680 a.

122 2693 227 2756 Inepte.
241 2695 354 2744 Oua-s
371 2697 440 2744 Piib.
453 2698 569 2758 inurgeri.
586 2697 678 2745 luen
695 2697 944 2756 mamimus-emur.
960 2697 1035 2746 Coiv.
1058 2697 1122 2745 Cum
1134 2694 1222 2745 Guelf.

123 2772 173 2807 aec.
193 2759 308 2806 Oud.-1
327 2760 390 2809 Fun.
408 2763 523 2823 presepia
541 2761 693 2822 mejubetut.
709 2762 832 2811 Raaldus.
860 2761 974 2811 debetur.
992 2761 1066 2808 idem
1078 2767 1152 2808 vetus
1163 2773 1222 2808 cum

123 2822 232 2883 vulgatis
244 2822 353 2884 aliquot,
362 2824 472 2882 jubebat.
488 2825 602 2875 Celsius.
627 2826 702 2874 Bert.
721 2833 749 2875 et
768 2827 852 2874 Putat.
869 2841 892 2876 a.
910 2841 946 2874 me
962 2841 985 2888 p.
999 2825 1107 2884 jubebat.
1141 2823 1224 2872 Beue.

122 2885 336 2938 Elmenburetius.
353 2889 386 2938 B.
396 2889 434 2937 M.
451 2903 488 2937 me
496 2888 604 2950 jubebat.
620 2890 764 2938 Puteanus.
789 2890 904 2948 debetur,
924 2896 954 2938 ut
973 2889 1056 2938 edidit
1076 2887 1149 2936 cuv.
1165 2901 1224 2936 cum

123 2951 198 3000 Vale.
218 2951 303 3000 Mera.
326 2951 407 3002 Wow.
426 2953 492 3002 Elm.
504 2953 574 3002 Prie.
587 2954 654 3002 Flor.
665 2954 768 3002 videtur
779 2967 836 3003 esse
848 2956 875 3002 in
888 2955 956 3002 Flur.
983 2953 1088 3001 Priores
1097 2965 1155 2999 rum
1168 2951 1224 3000 aliia

124 3013 186 3064 Mas.
202 3014 313 3074 jubebat.
345 3017 457 3067 Quando
477 3018 568 3065 deerat
587 3032 633 3078 me,
654 3025 789 3066 exaratum
809 3019 889 3066 etiarn
912 3017 939 3066 in
962 3015 1064 3066 D'Orv.
1085 3013 1221 3065 Guelferb.

124 3084 244 3140 utraque,
261 3079 348 3128 Oxou.
365 3079 422 3129 Iuc.
436 3081 473 3129 uti
483 3081 600 3130 exhibuit
612 3081 764 3130 Scriverius.
798 3082 832 3130 Et
842 3081 938 3141 malim,
949 3083 1036 3144 ejecto
1048 3080 1144 3142 priore,
1152 3078 1223 3139 jete-

123 3140 170 3190 bat.
188 3142 309 3192 Onu-2
327 3143 474 3193 Dicendum
492 3144 578 3194 fuerat
596 3145 703 3194 ‘illiue'
737 3145 796 3194 Nau
814 3146 882 3193 euim
899 3152 1005 3192 ‘mores
1028 3143 1153 3201 amsitiae,'
1176 3141 1224 3190 sed

122 3205 272 3254 ‘mulieris'
289 3208 461 3268 intelligendi.
496 3211 594 3265 Quare,
611 3211 631 3257 si
645 3210 685 3256 vel
699 3223 764 3257 uenire
778 3209 842 3257 Cod.
854 3207 997 3268 addiceret,
1016 3207 1102 3256 malim
1121 3221 1176 3268 qua,
1194 3213 1226 3254 ut

125 3269 169 3317 aub
180 3270 382 3332 ‘ampliaverat’
398 3273 561 3336 intelligatur
573 3273 746 3322 nominativus
758 3287 875 3335 persona
893 3272 972 3335 ipsius
984 3271 1107 3320 mulieris.
1140 3271 1175 3318 Et
1186 3270 1224 3317 sic

126 3333 209 3398 video,
221 3333 320 3383 editum
331 3347 389 3384 esse
401 3337 538 3387 aFiarido.
560 3338 649 3387 la-a
665 3337 740 3387 ldem
752 3339 874 3400 scriptus,
882 3338 1001 3398 geminam
1016 3336 1101 3385 curiae
1113 3333 1224 3384 colurus.

622 3473 729 3522 NOTAE

164 3576 177 3603 ¹
198 3566 313 3631 Cauflctia
339 3568 538 3618 obseruationibus
565 3569 656 3630 aucuia,
697 3585 753 3634 quae
762 3569 881 3619 convivia
892 3566 1062 3618 diffamabant
1076 3567 1226 3615 idololatra

125 3646 164 3706 irc.
175 3647 292 3694 matutina
308 3661 380 3708 mera,
398 3653 422 3696 el
445 3649 554 3697 contiuua
574 3653 656 3710 etupra
697 3646 743 3706 illl,
754 3645 935 3709 dicebantque,
953 3659 1004 3692 uon
1022 3651 1075 3692 tarn
1095 3641 1226 3702 religiosas

125 3734 207 3782 carpus
223 3721 381 3785 manciparat]
400 3722 495 3785 Vacuie,
515 3738 562 3787 pro
581 3725 656 3783 uenia,
696 3722 761 3770 ritus
779 3735 845 3780 esse,
860 3735 935 3784 qnam
956 3719 1080 3781 crapulae,
1100 3715 1226 3765 libidinu-

128 3793 249 3844 Graecum
262 3802 312 3846 est.
345 3795 500 3846 Keeieeuim
519 3806 544 3846 et
559 3797 657 3858 adram
696 3811 747 3862 que
757 3801 960 3845 auctoramenta.
992 3792 1144 3843 Terturll.ad
1164 3803 1226 3838 uxo·

128 3882 198 3933 sepe
218 3877 279 3919 sunt
299 3886 449 3935 synonyma.
480 3873 594 3922 Videtur
612 3888 656 3922 au·
696 3887 766 3922 rem:
784 3872 870 3923 ‘Quis
882 3872 1018 3932 conjugem
1031 3881 1100 3916 auam
1114 3864 1146 3912 ad
1164 3879 1226 3912 cou-

128 3953 178 3994 tem
201 3960 249 4008 per
264 3948 363 3996 ‘vanas
384 3947 598 3997 observationes'
614 3948 656 3996 bic
696 3950 792 3998 virium
803 3947 966 3996 Dominicum
988 3943 1061 4004 iliud,
1080 3941 1148 4005 quad
1160 3938 1226 3988 iut‘a·

127 4020 269 4086 intelligere
291 4023 419 4086 Hymnus,
450 4037 551 4088 preces,
566 4031 594 4074 et
612 4024 656 4088 pia
696 4023 852 4087 mant‚aine
869 4035 955 4071 scaeva
975 4017 1123 4083 suspicione
1142 4016 1227 4066 dimit·

127 4099 243 4148 convivia
253 4113 299 4148 seu
317 4097 421 4162 lydum,
442 4115 505 4165 qliae
525 4100 657 4150 matutinis
698 4107 738 4150 tet
747 4098 771 4148 i'-

128 4171 195 4222 buris
205 4174 373 4225 celebrabant
385 4182 488 4226 veteres
506 4175 658 4238 Christiani,
