2922 4826
218 293 286 394 ’640
419 399 422 404 1
649 384 652 393 ,
695 333 849 380 naucum

136 465 139 474 ⁴
223 484 386 569 pendaiat
401 486 570 562 corpus,sq
613 473 682 556 Sed
698 481 731 537 et
745 472 881 554 quidam
895 471 937 534 de
961 470 1103 534 servulis
1127 468 1220 552 [204]
1243 489 1324 552 pro.

173 575 175 582 ’
225 602 321 650 cerus
334 587 368 646 et
382 581 523 656 validos,
547 578 670 642 sicario
692 576 763 638 illir
783 574 891 638 ferens
907 571 1082 647 auxilinm,
1108 571 1224 652 lapide
1239 591 1324 636 cou-

225 690 323 762 torto,
339 683 427 746 tertii
441 678 552 746 illius⁶
569 678 703 761 juvenis
719 674 892 738 dexterum
905 675 1079 738 brachium
1091 673 1192 754 longo
1201 672 1324 755 jactu⁷

225 787 374 870 petierat.
417 783 486 846 Sed
500 781 628 862 impetu
643 795 743 842 casso
758 793 819 857 par
834 787 1000 839 extremos
1015 775 1138 856 digitos
1155 780 1325 837 transcur-

225 906 302 952 rens
314 885 415 969 lapis,
429 889 546 948 contra
565 881 714 946 omnium
737 877 942 961 opinionem,
967 875 1136 940 deciderat
1150 875 1325 937 innoxius.

227 985 434 1054 Nonnullam
449 991 559 1046 tamen
571 983 801 1064 sagacissimo
811 979 927 1063 juveni
951 983 1131 1060 proventus
1146 977 1327 1038 humanior

226 1089 385 1154 vindictae
401 1085 591 1167 speculant‘
609 1081 900 1147 'subministravit⁸
930 1080 1032 1143 Ficta
1044 1097 1187 1159 nemque
1204 1097 1326 1139 manus

228 1211 299 1258 suae
320 1189 504 1265 debilitate,
527 1188 598 1249 sic⁹
620 1185 884 1249 crudelissimum
900 1179 1102 1266 'juvenemlt
1123 1179 1331 1271 compellat:

230 1294 353 1358 Fruere
375 1289 478 1352 exitio
503 1288 610 1351 totius
635 1292 783 1352 nostreo²
804 1277 954 1359 familiae,
982 1289 1017 1345 et
1040 1279 1201 1360 sanguiue
1225 1281 1329 1342 trium

227 1395 365 1458 fratrum
379 1389 601 1494 insatiabilem
617 1393 708 1450 tuam
724 1386 1114 1468 crudelitatem³pesca
1138 1388 1171 1447 et
1184 1383 1225 1446 de
1249 1401 1331 1466 pro·
1373 1375 1376 1379 ’
1451 1373 1452 1384 ’

230 1635 321 1684 tenebat
332 1651 415 1698 corpas
424 1653 467 1685 rua
483 1637 609 1696 rigiditate
620 1635 724 1684 immota.
758 1636 804 1684 Sed
816 1635 909 1697 puidam
921 1635 993 1684 eliam
1006 1650 1037 1683 ee
1045 1632 1128 1693 serris,
1138 1633 1202 1680 auus
1212 1635 1236 1678 et
1246 1630 1332 1678 rodas-

231 1706 278 1755 tus,
290 1701 442 1761 opemjerens
451 1701 488 1749 illi
504 1701 742 1761 ministrantem
751 1702 843 1748 eminas
856 1700 957 1762 lapidem
968 1698 1090 1759 magnaei
1101 1697 1127 1744 in
1139 1695 1259 1743 manliam
1268 1695 1333 1742 dera-

232 1768 295 1811 trum
305 1763 369 1812 illios
378 1765 444 1812 tertii
454 1765 620 1814 renascentis:
637 1766 677 1812 sed
687 1765 746 1826 lapis
758 1765 873 1812 transiens
882 1767 1047 1826 perextranos
1056 1762 1145 1822 digitos
1152 1759 1223 1808 irrito
1230 1758 1333 1818 impetn,

231 1829 346 1875 ceciderat
356 1828 531 1892 illesojarene,
548 1833 637 1890 praeter
647 1827 748 1875 maniam
759 1828 898 1889 opinionem.
932 1828 1038 1876 Euentus
1049 1831 1128 1873 tonan
1138 1825 1178 1872 ille
1190 1822 1264 1870 lenior
1273 1835 1335 1881 eup-

229 1892 347 1953 peditooit
365 1893 514 1940 callidissimo
526 1891 610 1951 juveni
628 1891 730 1952 aliquam
744 1904 808 1952 spem
818 1889 923 1938 ultionis.
957 1889 1078 1936 Simulare
1087 1887 1150 1936 enim
1160 1901 1252 1934 manaan
1263 1899 1334 1935 raam

232 1969 281 2002 esre
291 1955 438 2006 debilitatam
454 1957 495 2004 illo
505 1957 563 2016 icta,
577 1956 611 2004 sir
629 1955 756 2016 alloquitur
772 1952 927 2002 rarissimam
944 1951 1057 1999 divitem:
1075 1949 1158 1998 Potine
1174 1949 1239 1994 clads
1257 1948 1336 1994 totius

232 2020 436 2083 ncrtroesaatilioe,
448 2027 472 2068 et
482 2035 550 2082 pasce
562 2025 626 2068 taam
637 2017 802 2082 inexplebilem
816 2016 980 2065 crudelitatem
990 2027 1072 2063 errrore
1089 2012 1161 2080 trium
1172 2011 1289 2072 fratrum,
1308 2015 1350 2060 et·

693 2205 872 2228 uum

235 2356 317 2403 corpas
329 2341 431 2402 ignorat
442 2337 543 2388 Berlin.
560 2337 719 2387 Elaean-o
737 2337 820 2388 Abest
836 2339 904 2388 Edd.
921 2339 986 2389 Elm.
1002 2340 1085 2392 Serir.
1108 2341 1173 2390 'l'unr
1188 2339 1214 2388 in
1225 2339 1335 2390 D'Orr.

234 2409 353 2454 dextrum.
388 2403 468 2451 Deest
480 2418 529 2450 vox
541 2402 566 2450 in
576 2401 663 2450 Guelf.
676 2417 715 2464 pr.
734 2403 847 2452 Oua-'l
864 2404 924 2452 Sive
933 2403 1068 2467 longinquo.
1096 2405 1127 2453 ln
1140 2405 1227 2454 Oxou.
1239 2402 1335 2464 Guelf.

236 2485 275 2532 pr.
289 2469 372 2517 atinus
385 2467 449 2515 bene
460 2466 518 2516 ieta.
552 2465 619 2514 Vide
631 2481 690 2528 pag.
700 2481 779 2528 prae.
788 2481 836 2516 nec
849 2469 1055 2530 melins'msrgini
1069 2469 1200 2519 Eddant.
1212 2474 1279 2530 post.
1291 2467 1337 2515 vir

237 2533 352 2581 eruditus
370 2531 467 2580 adlevit
482 2533 557 2592 longe.
587 2528 674 2579 Guelf.
687 2545 727 2592 pr.
737 2531 864 2594 petiverat.
882 2531 973 2581 ld.-s
991 2531 1081 2582 Guelf.
1094 2548 1134 2594 pr.
1145 2533 1269 2596 speculam.
1281 2531 1337 2581 Ed.

236 2597 509 2657 summasunmna.
528 2595 612 2642 Palat.
624 2594 710 2644 Guell'.
722 2609 776 2644 sec.
787 2595 960 2646 administrat.
976 2595 1068 2646 lu-rt
1085 2597 1156 2646 Pith.
1167 2598 1238 2645 sieut.
1256 2594 1338 2643 Id.—

238 2667 252 2712 1
270 2661 377 2709 Divitem
391 2662 457 2721 lego.
469 2659 645 2719 nonjareaem,
656 2666 684 2706 ut
701 2659 798 2708 habeut
810 2659 944 2723 pleneque
955 2661 1092 2721 editiones,
1109 2667 1136 2709 et
1147 2661 1195 2708 hoc
1206 2659 1339 2708 discrimi-

238 2725 316 2774 nandi
327 2738 413 2772 carisa.
445 2723 585 2770 Praecessit
596 2723 664 2770 enirn
681 2729 743 2772 aute
764 2723 917 2772 versiculum
936 2740 1013 2774 nuum
1032 2741 1082 2774 vox
1095 2725 1193 2784 juventa
1204 2722 1238 2772 de
1251 2721 1339 2772 tratre

239 2788 327 2836 tertia.
343 2786 438 2836 Florid.
473 2785 568 2834 Pricaei
581 2786 754 2848 conjecturam
768 2787 816 2836 sibi
829 2787 861 2835 de
877 2803 946 2836 mare
967 2789 1109 2842 vindicavit
1124 2787 1252 2848 lloridus,
1262 2797 1290 2834 et
1305 2787 1339 2835 in

240 2858 390 2901 contextum
403 2849 513 2909 recepit.
546 2849 636 2896 Malim
648 2864 695 2912 ego
709 2857 789 2898 totam
802 2863 890 2900 vocem
904 2853 1004 2901 abesse.
1036 2854 1080 2902 Sic
1092 2851 1241 2916 ‘juvenem’
1252 2850 1341 2898 intru-

240 2929 293 2964 sam
306 2915 415 2962 vidimus
428 2929 453 2975 p.
467 2917 521 2962 186.
555 2913 637 2960 Immo
650 2927 707 2960 cum
726 2914 752 2961 in
770 2913 857 2963 Oxou.
875 2917 965 2964 codice
984 2933 1043 2967 mox
1055 2915 1339 2974 scribatursarfraere,

171 3023 173 3032 ,
239 2979 350 3028 dederat
360 2975 446 3026 forsan
460 2976 574 3026 Auctor:
594 2977 787 3026 Gmdeliesimum
796 2982 919 3042 ecrnpellat
926 2981 1016 3040 farem.
1035 2982 1079 3030 Fr.
1091 2979 1196 3040 Statim,
1206 2981 1213 3006 ‘
1224 2977 1340 3028 fumosus

239 3041 326 3092 latro!
361 3042 392 3090 lu
403 3041 527 3092 D'Orvill.
545 3041 728 3098 crudelissimus,
740 3042 828 3092 Guelf.
842 3058 883 3106 pr.
891 3045 1057 3094 crudelissime.
1083 3045 1163 3094 Certe
1174 3045 1218 3092 illa
1229 3057 1278 3092 rnx
1288 3042 1340 3101 sar

240 3107 299 3155 milri
312 3107 378 3156 bene
395 3105 556 3154 adverte'nda
574 3105 687 3154 videtur.
722 3105 789 3155 Nam
810 3114 837 3156 et
857 3108 894 3156 ita
909 3109 980 3157 illum
995 3109 1098 3171 juvenis
1116 3109 1219 3171 adloqui
1238 3107 1341 3170 potuit.

242 3171 354 3220 ond-2
372 3169 469 3220 D'Orr.
479 3185 545 3218 mea.
563 3169 652 3218 Id.—3
669 3169 1072 3228 Insatiabilis,tuamemtdelitalem
1083 3188 1106 3234 p.
1138 3173 1170 3221 In
1187 3171 1243 3222 Pal.
1270 3171 1341 3218 inra-

232 3235 345 3284 ciadilem
356 3238 422 3282 taam
430 3236 495 3284 md.
512 3233 664 3281 Wowerins.
696 3233 872 3284 insatiabilem:
900 3236 1155 3298 Vulgo‚insatt'aiilis.
1173 3236 1341 3284 Elmeulrots-

241 3297 301 3345 llus.
334 3299 417 3346 Recte
428 3297 586 3345 insatiabilem
603 3295 762 3358 rescripsere
781 3298 893 3350 Wowar.
909 3310 937 3348 et
948 3316 1019 3364 seqq.
1044 3301 1120 3352 Quod
1135 3301 1190 3363 jam
1206 3299 1292 3348 inveni
1309 3298 1341 3344 ia

240 3359 291 3407 Ed.
302 3359 375 3408 dum.
393 3368 460 3422 post.
476 3361 513 3408 uti
531 3360 594 3408 dant
613 3375 715 3424 quoque
732 3361 800 3411 Flor.
820 3361 920 3413 D'Orr.
934 3365 1000 3414 Fur.
1012 3365 1083 3415 Pnn.
1096 3364 1180 3414 Oxou.
1192 3357 1283 3410 Grrelf.
1294 3372 1340 3430 pr.

734 3511 843 3561 ⁸0¹}AE

275 3651 288 3685 c
305 3642 397 3704 Rigore
411 3643 498 3690 librata
517 3643 669 3704 rarpeaderat
679 3642 772 3706 aomar]
808 3646 880 3695 ‘Per
888 3627 1034 3700 abusionem
1043 3651 1151 3701 sicarios
1160 3652 1340 3704 etiamomnaa

242 3719 275 3768 ld
284 3725 342 3767 est:
360 3719 529 3767 Sustentabat
539 3733 631 3778 corpus
640 3717 771 3779 firmitate,
810 3736 942 3785 vocamus,
951 3727 994 3788 qui
1006 3727 1105 3776 cadem
1113 3729 1166 3778 telo
1176 3743 1342 3794 quocumque

243 3801 271 3842 et
283 3793 413 3857 rigiditate
424 3809 479 3852 stra,
490 3809 539 3854 qrra
547 3793 626 3841 fiebat
634 3801 662 3842 ut
672 3793 699 3842 ln
709 3807 771 3842 neu·
810 3800 1004 3852 commiserint?

245 3876 311 3916 tram
325 3875 425 3938 partem
436 3868 613 3931 propenderet
624 3868 715 3930 magis.
842 3885 851 3909 ·
868 3878 1002 3941 speculam]
1030 3879 1217 3930 Diminutivum
1228 3879 1341 3943 ναμε)

278 3944 395 3992 *Sicorin
414 3943 464 4006 illi]
492 3943 640 3992 ‘Sicorius'
667 3944 772 4006 proptia
811 3951 1032 4016 Alias‘spaenls’
1048 3956 1121 4003 locus
1138 3955 1341 4012 esteditior‚ex

245 4026 296 4080 ert,
304 4021 347 4082 qni
360 4020 414 4069 sica
425 4035 469 4068 seu
482 4019 592 4082 pugione
606 4017 676 4068 ierit.
710 4019 773 4082 Sed,
810 4041 861 4092 qao
879 4030 1058 4096 speculantur,
1074 4031 1136 4097 quid
1156 4031 1247 4096 procul
1265 4045 1341 4096 gen.

246 4103 276 4145 ut
288 4096 368 4160 lnquit
385 4096 567 4160 Quintilianus,
583 4095 628 4146 lib.
641 4109 669 4145 x.
680 4109 737 4159 cap.
748 4100 771 4145 l.
811 4112 861 4156 tuf,
