2922 4826
398 364 756 414 unrnmoarrrossou
783 367 856 415 mn.
879 366 935 417 rx.
1147 356 1211 419 57⁷

111 509 207 576 nanti
222 508 347 594 palude
363 507 513 586 fluidam,
534 515 569 574 et
589 508 671 574 alibi
693 508 846 572 subluvie
861 513 1023 573 coenosa4
1036 507 1212 578 lubricam.

112 613 250 677 Crebris
277 611 420 693 denique
449 611 690 676 offensaculis⁵
714 617 747 675 et
772 611 923 676 assiduis
948 610 1125 694 lapsibus⁶
1141 613 1214 696 jam

111 715 266 779 contusis
281 714 433 777 cruribus
447 715 544 792 meis,
559 713 620 777 vix
635 714 767 778 tandem
783 713 827 776 ad
848 718 1053 794 campestres
1074 716 1214 782 semitas

29 849 37 858 =
112 817 223 880 sessus
238 815 381 878 evadere
396 817 500 898 potui.
544 814 588 880 Et
602 833 697 892 ecce,
712 816 813 879 nobis
828 821 967 897 repente
982 814 1026 878 de
1036 821 1129 896 tergo
1144 837 1215 882 ma·

111 917 246 998 nipulos
259 917 378 982 armati
399 925 652 999 supercurrunt⁷
674 919 821 1001 equites:
844 914 1022 1000 aegrequc⁸
1047 917 1216 982 cohibita⁹

112 1035 277 1100 equorum
291 1018 414 1081 curruli
428 1019 533 1096 rabie,
550 1018 728 1082 Philebum
745 1027 940 1102 ceterosque
956 1017 1094 1082 comites
1114 1018 1188 1100 ejas
1203 1028 1213 1058 ¹

111 1116 264 1182 involant
289 1118 403 1183 avidi:
427 1120 583 1202 colloque
611 1121 807 1198 constricto,
833 1128 866 1185 et
896 1120 1076 1202 sacrilegos
1105 1121 1215 1204 impu·

111 1237 234 1302 rosque
258 1221 510 1302 compellantes,
540 1221 708 1286 interdum
735 1221 856 1304 pugnis
879 1223 1116 1286 obverberant:
1152 1243 1215 1288 uec

111 1339 180 1384 non
203 1321 345 1385 manicis
362 1321 464 1386 etiam
479 1328 643 1386 cunctos²
665 1327 857 1386 coarctant:
880 1329 934 1386 et3
959 1323 1142 1388 identidem
1161 1343 1214 1388 ur-

111 1421 228 1506 genti4
257 1441 408 1486 sermone
440 1423 675 1505 comprimunt,
705 1428 893 1505 promerent
921 1431 1047 1506 ocyus⁵
1078 1443 1214 1489 aureum

110 1597 167 1648 aliis
176 1598 203 1648 in
214 1600 272 1648 locis
281 1599 371 1648 lubrico
382 1600 428 1648 tuti
438 1599 528 1647 illuvie.
553 1600 680 1662 Denique,
690 1615 756 1662 agre
767 1601 862 1648 tcndcrn
878 1599 945 1662 potui
961 1599 1084 1662 peruenire
1093 1600 1125 1648 ud
1134 1599 1216 1660 plosor

108 1663 319 1725 mltesscts'gutus,
330 1664 398 1712 tibiis
408 1663 466 1712 meis
475 1665 569 1712 attritis
578 1664 658 1714 crebro
669 1665 818 1726 impingendo
828 1665 860 1712 cd
877 1664 992 1712 ιαὶεὺτοαι
1006 1663 1061 1724 cire,
1080 1669 1105 1712 ct
1120 1663 1215 1711 candus

109 1727 229 1776 cadeudo:
239 1744 292 1778 curn
300 1728 377 1778 subito
387 1733 465 1776 turma
474 1729 578 1790 equium
588 1734 732 1778 cunctorum
742 1729 830 1776 inaniat
842 1729 868 1776 in
876 1742 917 1776 nor
927 1733 1016 1789 utergo
1025 1743 1034 1783 ,·
1045 1732 1078 1787 ct,
1087 1728 1214 1792 dmicultcr

109 1793 313 1855 repressoirnpetu
326 1792 472 1841 currentium
491 1807 611 1854 equorum,
626 1793 720 1842 bruunt
737 1793 805 1842 acide
819 1792 846 1840 in
857 1791 981 1840 Philebum
1000 1792 1147 1854 reliquosque
1160 1791 1215 1850 ejus

110 1856 201 1912 sociosf
216 1857 446 1918 consurgentesque
457 1857 516 1918 ipsis
528 1857 622 1916 colum,
633 1863 656 1904 et
665 1857 809 1919 appellantes
818 1871 855 1906 eos
864 1857 990 1916 sacrilegos
998 1861 1068 1916 utque
1076 1855 1213 1917 impurdr'ccs,

109 1917 240 1972 identidem
247 1921 384 1985 percutiunt
393 1921 499 1984 pugnis,·
516 1926 540 1970 et
549 1922 715 1982 constringunt
727 1921 813 1982 ligatos
823 1920 941 1977 circuitu
956 1924 979 1968 et
995 1923 1080 1980 uiuent
1090 1933 1129 1967 sos
1137 1919 1216 1968 cerlis

578 2046 758 2066 ΟΜΝ

112 2136 229 2187 Gentilis
245 2138 353 2198 mavult,
372 2139 501 2201 Quippcnr',
520 2136 595 2199 Orig.
616 2135 673 2186 Lib.
693 2135 764 2198 Sing.
785 2151 811 2200 p.
823 2140 881 2186 tol.
906 2137 952 2186 Nil
969 2143 1048 2187 muto.
1082 2136 1115 2184 V.
1128 2136 1162 2185 D.
1180 2135 1213 2184 cd

111 2214 185 2250 oram
195 2201 244 2248 Ed.
257 2201 330 2250 Cclv.
348 2203 462 2252 Oud.-3
475 2202 560 2261 Idem,
571 2201 695 2264 incilibus.
729 2200 798 2250 Vide
811 2201 975 2252 Beroaldum.
995 2202 1064 2250 Coto.
1081 2200 1214 2250 laciniosis

110 2263 244 2314 D'Orvill.
255 2272 282 2314 et
295 2266 398 2316 volebat
408 2265 555 2330 Supiugius.
588 2265 641 2314 Sed
651 2265 711 2314 vide
725 2265 760 2314 ad
776 2265 792 2315 l.
802 2279 822 2314 1.
839 2279 865 2330 p.
876 2269 901 2314 s.
917 2266 1070 2314 ‘Lacunosa
1086 2265 1215 2314 convenil
1282 2311 1288 2324 .

109 2327 176 2380 Par.
197 2329 215 2377 t.
234 2328 261 2377 in
278 2329 392 2380 cubilitus
410 2331 528 2379 ridicule.
564 2327 616 2378 Adi
633 2337 661 2378 et
672 2329 762 2380 Graes.
779 2329 811 2378 ed
824 2329 882 2380 Cic.
894 2331 912 2378 l.
924 2343 987 2380 vrrr.
998 2330 1030 2378 ad
1044 2330 1116 2378 Fam.
1127 2330 1177 2390 Ep.
1189 2335 1214 2378 δ.

108 2395 117 2421 ‘
128 2394 261 2458 Tanquam
270 2393 297 2442 in
308 2409 332 2456 q.
344 2394 415 2444 incili
423 2394 607 2444 adhaeserunt!
624 2395 737 2444 Oud.-4
753 2393 828 2442 Bert.
838 2399 866 2442 et
877 2394 947 2444 Flor.
958 2394 1066 2456 stugncti
1076 2394 1184 2456 paludem
1189 2393 1213 2452 f.

111 2472 134 2506 s.
148 2472 332 2508 uacoenoscm.
352 2459 563 2508 Elmenhorstius.
597 2457 711 2520 Stcgucti
724 2465 750 2508 et
766 2460 871 2508 cenosam
888 2473 939 2522 quo
959 2473 991 2506 ue
1012 2457 1082 2506 Pitlr.
1101 2458 1212 2506 Oud.-5

108 2520 215 2572 D'Orv.
232 2521 385 2584 offensutalis.
407 2522 499 2572 ld.-o
527 2523 614 2572 Oxou.
637 2521 724 2574 Guelf.
748 2536 788 2586 pr.
809 2522 914 2571 iussibm.
957 2522 1031 2570 d.-r
1056 2521 1214 2582 Supercurrit.

107 2585 186 2636 Idem
200 2585 263 2634 liber
273 2594 357 2647 vetus,
367 2592 544 2650 supercurrunt.
557 2587 669 2636 Colvius.
682 2586 753 2636 Flor.
763 2594 791 2636 et
799 2585 856 2634 Pal.
873 2585 987 2648 manipuli
997 2601 1021 2634 u.
1038 2588 1215 2647 supercurrunt.

106 2649 280 2700 armena-e
298 2649 387 2700 Guelf.
401 2665 453 2700 sec.
464 2665 612 2716 cgregeque.
629 2649 750 2700 Oud.-a
769 2649 916 2699 Cubibeutcs.
936 2651 999 2698 Frru.
1011 2649 1121 2697 cohibita.
1133 2649 1210 2698 Ronl-

109 2713 170 2762 dus.
200 2713 312 2762 Cobilitu
333 2729 452 2778 equorum.
469 2716 548 2778 ang.
566 2715 697 2764 cohibentes
717 2729 810 2776 equum.
845 2713 898 2763 Pro
917 2714 1094 2764 eunnrteriam
1115 2714 1139 2760 in
1161 2713 1214 2760 Ms.

114 2777 236 2827 curriculi.
248 2778 362 2827 Colvius.
381 2779 457 2830 Rom.
467 2787 495 2827 et
504 2779 580 2828 Bert.
592 2779 731 2828 cohibentes.
749 2777 917 2828 Elmenb.—l
934 2778 995 2840 Eius
1014 2779 1080 2826 lraud
1097 2780 1214 2839 agnoscit

113 2841 168 2892 Ms.
180 2841 281 2890 D'Orv.
293 2843 357 2891 satis
368 2843 528 2906 languidam,
544 2857 592 2892 nec
602 2843 782 2892 necessariam.
799 2843 869 2894 Dein
879 2843 1005 2901 sacrilegos
1016 2841 1137 2890 moxon.
1152 2841 1214 2888 Oud.

110 2909 161 2954 -2
183 2905 288 2954 Vinctos.
306 2908 380 2955 llum.
391 2913 418 2956 et
430 2909 499 2956 Flor.
516 2913 618 2956 cunctos.
628 2907 744 2956 Elmenb.
757 2907 931 2956 CuneosPitlr.
949 2912 1031 2954 cuncto
1045 2907 1108 2954 Fau.
1142 2904 1213 2952 Alio-

108 2970 173 3032 quin
186 2974 279 3018 cunctos
291 2979 331 3020 est
343 2972 369 3018 in
384 2972 448 3022 Mas.
463 2979 490 3020 et
502 2973 568 3020 Edd.
578 2971 613 3020 0.
625 2979 687 3019 ante
697 2985 751 3018 sec.
762 2970 892 3031 Vulcanii,
905 2970 948 3034 qui
960 2985 974 3018 e
987 2971 1137 3033 conjectura
1148 2970 1213 3018 uinc-

108 3038 150 3082 tos
167 3035 294 3096 reposuit,
311 3036 479 3098 sequentibus
496 3036 613 3084 Elmenh.
629 3035 768 3096 Scriverio,
786 3034 899 3084 Florido.
931 3034 1029 3083 Vinctos
1049 3033 1129 3082 luisse
1149 3033 1212 3080 satis

111 3095 209 3145 docent
220 3099 300 3145 verba
315 3099 407 3148 ‘Collo
420 3100 573 3158 constricto,
585 3099 692 3148 nrarricis
710 3099 789 3148 etiam
810 3105 953 3148 coarctant.
986 3097 1095 3146 Rectius
1112 3111 1138 3159 p.
1158 3111 1212 3158 seq.

111 3161 242 3209 ‘Vinctos
253 3161 279 3210 iu
290 3163 321 3212 Τ.
333 3163 520 3228 compingunt!
538 3165 649 3214 Oud.—3
667 3163 710 3210 Sic
723 3171 795 3211 recte
811 3176 869 3210 cum
888 3163 954 3212 Μαι.
974 3163 1025 3210 Ed.
1046 3161 1121 3210 dunt.
1143 3168 1213 3220 post.

111 3223 188 3274 Colv.
198 3227 247 3272 &a
266 3225 382 3276 edidere.
411 3227 444 3276 Iu
457 3228 530 3278 Pitb.
540 3231 581 3290 cd,
598 3229 624 3278 in
636 3227 742 3289 reliquis
750 3225 817 3276 Edd.
830 3231 886 3274 erat
895 3240 933 3285 uc,
944 3225 1012 3289 qnod
1024 3231 1084 3272 ante
1097 3223 1213 3271 vocalem

112 3287 234 3336 vitiosum
253 3297 310 3336 est:
329 3297 357 3338 ut
377 3307 449 3354 saepe
470 3293 604 3342 monitam.
622 3293 710 3342 It.-t
731 3291 849 3352 Urguenti
861 3289 949 3338 exulat
968 3304 984 3338 a
1002 3289 1087 3338 Palat.
1111 3288 1214 3347 Urgenti

111 3351 177 3402 Mus.
187 3358 214 3400 et
225 3351 294 3402 Edd.
305 3359 402 3416 praeter
415 3355 532 3408 Elmenlr.
545 3371 575 3406 ac
586 3357 669 3406 Scriv.
690 3355 737 3404 sed
752 3356 836 3406 minus
849 3353 1057 3416 orthographica
1074 3351 1162 3401 ld.-5
1180 3351 1212 3401 P.

606 3476 714 3530 norm

108 3575 202 3624 lucilia
217 3573 437 3638 fossaedicuntur,
455 3591 513 3640 qnae
530 3574 641 3624 fiuntad
681 3573 808 3624 eundem:
827 3572 937 3622 ‘Illices
958 3574 1076 3635 canales,
1097 3573 1123 3620 in
1149 3586 1211 3634 quos

110 3665 203 3714 aquam
216 3666 248 3698 ex
260 3651 329 3714 agris
340 3651 366 3699 iu
379 3652 433 3699 vias
450 3650 640 3699 deducendam.
681 3663 749 3713 aqua
760 3647 867 3698 confluit
880 3650 904 3696 in
917 3649 962 3696 viis
973 3649 1060 3712 lapide
1070 3647 1168 3709 stratis,
1179 3645 1212 3694 ab

109 3724 185 3788 Cato,
200 3725 234 3774 de
254 3726 292 3773 lte
310 3724 548 3788 nantuacense.
566 3717 642 3774 '‘Iu·
679 3723 811 3776 illiciendo
823 3723 908 3775 dieti!
931 3725 983 3774 Et:
1005 3725 1014 3752 ‘
1031 3725 1126 3785 Elices,
1147 3725 1210 3772 sulci

109 3798 170 3848 cilia
178 3800 292 3864 aperire,
300 3816 393 3864 aquam
403 3801 532 3852 deducere
541 3801 567 3849 in
576 3801 641 3863 uias,
681 3800 788 3864 aquarii,
800 3814 847 3863 per
865 3814 929 3864 qum
949 3815 1016 3864 aqua
1026 3801 1137 3850 collecta
1149 3799 1210 3848 edu-

107 3881 137 3926 et
148 3883 265 3939 segetem
277 3889 368 3927 curare
383 3883 498 3940 oportet,
509 3878 548 3926 uti
558 3876 641 3928 fluat!
679 3873 860 3926 citureliris.'
893 3876 993 3926 Horum
1006 3875 1122 3924 meminit
1135 3875 1213 3924 Colu-

109 3950 214 4000 lucillus
225 3951 305 4000 babet
320 3952 422 4002 Festus.
457 3953 640 4016 ‘lucillae,'in·
681 3951 978 4013 mella,lib.1r.cap.8.
1011 3949 1148 4000 Estetiam
1165 3950 1211 3998 ad·

111 4027 191 4090 (ιιιίι,ι
205 4027 283 4075 fossae
303 4034 374 4088 sunt,
394 4043 453 4092 quae
471 4030 555 4078 inviis
574 4028 641 4078 tiont
677 4028 807 4092 jactivam
820 4041 912 4076 numen
924 4032 932 4054 ⁴
944 4024 1046 4074 inuitis!
1064 4027 1141 4086 Cato,
1153 4027 1211 4076 loco

111 4102 145 4150 ud
156 4101 336 4152 deducendam
354 4119 456 4167 squam,
468 4105 522 4154 eive
540 4104 641 4154 deriva-
681 4102 876 4166 supralaudato
888 4119 895 4150 ι
913 4101 964 4154 ‘Iu
976 4109 1062 4151 moute
1081 4100 1161 4150 fossas
1173 4101 1210 4148 in-

108 4179 192 4230 tioner
202 4179 237 4228 dc
246 4179 301 4230 rivo
310 4181 441 4230 communi
450 4179 544 4234 tactae.'
564 4179 640 4244 Apud
682 4179 745 4230 cites
758 4179 846 4242 plures
857 4177 952 4228 babere
963 4178 1086 4242 oportet?

174 4261 264 4322 Delpb.
272 4265 296 4310 st
308 4260 366 4310 Van.
376 4260 442 4310 Cius.
624 4261 698 4322 Aput.
1087 4261 1103 4306 2
1121 4257 1145 4305 Ο
