2922 4826
424 343 783 394 sturnuottruosuon
810 343 880 390 arn.
904 343 959 391 tx.
1172 329 1238 392 ota
1266 329 1268 336 ’

136 489 350 574 remipsam⁹
363 485 558 569 responderi
569 485 723 550 aiebant:
746 481 840 567 [182]
853 483 1043 568 jungendos
1058 487 1236 564 connubio,

137 601 177 658 ct
188 589 292 658 satisb
310 589 449 654 liberum
464 589 693 672 procreandis.
738 588 774 650 Si
788 595 797 624 ¹
815 587 1049 670 possessiones
1063 589 1237 670 praestina-

138 701 237 760 turus
249 697 423 777 quaereret,
432 690 552 762 mento
566 691 682 767 borea,
691 696 730 752 ut
743 697 777 752 et
787 695 798 724 ²
807 688 924 771 jugum
938 695 974 752 et
987 707 1067 752 arva
1079 692 1236 754 sementis

138 795 305 871 florentia,
327 790 559 876 pronuntiari.³
604 791 642 856 Si
671 791 749 872 quis
770 790 812 854 de
833 789 1063 872 profectione4
1084 791 1236 858 solicitus

137 896 290 962 divinum
318 899 474 978 caperct⁵
512 893 713 975 auspicium,
743 898 882 974 junctos
908 889 1003 975 jam⁶
1032 898 1236 975 paratosque

137 996 393 1080 quadrupedum
415 997 607 1058 cunctorum
629 993 932 1058 mansuetissimos:
955 997 988 1057 et
1008 992 1138 1058 lacrum
1161 1013 1236 1076 pro-

138 1096 228 1162 mitti
250 1095 292 1160 de
318 1095 427 1178 glebae
448 1093 615 1176 germine.c
658 1093 696 1156 Si
726 1093 878 1176 praelium
904 1093 1156 1178 capessitums,⁷
1182 1096 1238 1160 voi

137 1198 299 1262 latronum
324 1194 776 1276 factionempersecuturus,
799 1194 900 1258 utiles
926 1214 1029 1260 necne
1050 1214 1235 1279 processus

138 1297 374 1373 sciscitaretur,
396 1294 565 1359 addictam
578 1295 755 1358 victoriam
775 1295 877 1360 forti8
900 1297 1088 1382 praesagio}¹
1104 1302 1238 1362 conten·

137 1475 195 1524 dant
205 1475 308 1537 idipsm
316 1476 459 1537 responderi,
470 1477 532 1536 quod
539 1475 701 1537 querebatur.-
723 1475 863 1537 copulandos
874 1487 923 1523 esse
933 1473 1090 1534 matrimonio,
1109 1479 1137 1522 ut
1152 1478 1238 1536 madu-

136 1539 455 1600 cereatsegetestiberorum.
471 1539 500 1588 Si
508 1540 595 1602 aliquis
601 1545 706 1588 emturus
713 1541 1004 1600 agrssemintemgaret,
1013 1537 1180 1596 stamnum
1188 1555 1238 1587 sor·

137 1609 187 1652 tem
203 1605 266 1667 noni
282 1606 312 1653 de
322 1603 400 1663 bobus,
418 1605 479 1652 sicut
490 1609 514 1654 et
532 1605 561 1652 de
571 1602 642 1663 jugo,
659 1608 682 1651 et
704 1606 733 1652 de
749 1604 815 1652 aruis
827 1609 907 1665 segete
925 1602 1062 1651 ruentibus.
1095 1602 1126 1650 Si
1141 1603 1239 1665 aliaeu,

138 1669 226 1716 anaim
243 1670 272 1716 de
288 1669 374 1717 itinere
393 1668 547 1730 suscipiendo,
566 1668 695 1716 consuleret
705 1667 811 1716 divinam
829 1674 923 1723 sortem,
940 1667 1049 1715 dicebant
1064 1668 1237 1730 quadrupedum

138 1731 242 1780 omnium
251 1731 445 1791 mitissimosjum
456 1747 505 1780 esse
514 1731 655 1790 conjunctos,
665 1738 689 1780 et
699 1738 794 1792 paratos
802 1733 833 1780 ad
843 1731 1042 1795 proficiscendum,
1056 1736 1079 1778 et
1090 1745 1132 1792 per
1141 1745 1238 1792 germen

137 1800 210 1844 terra
217 1796 327 1858 promitti
338 1801 462 1858 quartum.
490 1794 518 1843 Si
529 1796 615 1857 aliquis
625 1797 789 1844 conmissurus
802 1810 918 1858 pugnam,
935 1800 976 1844 aut
990 1796 1137 1842 insecuturus
1146 1797 1237 1857 prado-

134 1873 193 1908 sutst
202 1863 315 1921 turmam,
325 1859 484 1921 interrogaret
495 1875 525 1908 aa
534 1864 592 1908 esset
601 1859 725 1908 babituros
730 1858 827 1918 felicem
837 1864 953 1915 cremum,
963 1859 998 1907 eei
1007 1873 1063 1920 non,
1079 1857 1238 1924 affirmabant,

597 1999 781 2020 §mmo

137 2101 282 2158 coaptantes.
297 2097 410 2147 Cetrius.
426 2097 546 2146 Maureta.
563 2100 707 2158 coaptantes.
723 2098 829 2160 Seiopp.
844 2097 869 2147 in
881 2097 1013 2163 Symbola.
1030 2099 1105 2148 Bert.
1117 2103 1144 2146 et
1162 2098 1236 2146 Rota.

136 2165 283 2222 coaptasset,
306 2161 398 2218 Ateus,
414 2166 569 2222 cooperantes.
586 2162 754 2210 illusum-tt
776 2163 845 2211 Rem.
862 2165 896 2224 ip.
914 2164 965 2212 Me.
980 2177 1053 2224 seque
1070 2163 1103 2224 ip.
1126 2163 1237 2212 Cetrius.

137 2225 245 2274 Terent.
258 2225 325 2276 And.
334 2239 353 2276 ι.
365 2229 389 2274 2.
403 2229 427 2274 ³.
445 2225 503 2274 ‘lte
516 2231 608 2286 aperte
619 2227 699 2286 ipsam
716 2239 771 2276 rem
783 2226 860 2274 modo
878 2227 988 2287 tocrrtns,
1003 2225 1067 2273 nibil
1082 2224 1237 2274 circuitione

137 2303 199 2338 usas
211 2288 258 2339 es!
277 2290 388 2340 0ud.·-l
407 2291 482 2338 Bert.
494 2289 599 2338 Sciticet.
616 2288 734 2338 Etmenh.
770 2289 800 2338 In
812 2288 915 2349 eodem,
929 2289 1100 2352 pausumnem.
1117 2289 1237 2338 ond-t

137 2353 207 2404 Edd.
227 2353 342 2404 Juntiare
368 2360 396 2404 et
412 2352 474 2403 Ata.
495 2361 585 2402 carent
597 2354 631 2413 τῷ
646 2357 677 2402 et.
706 2353 813 2403 Rectius
826 2354 927 2402 abesset
940 2361 1001 2402 tuac
1014 2359 1050 2402 ut.
1067 2353 1158 2402 Id-t
1176 2353 1238 2402 Per·

115 2445 121 2454 ·
137 2417 247 2466 sutiari
258 2416 318 2467 Ata.
336 2419 421 2467 Haaid.
454 2417 485 2474 lu
495 2417 563 2466 Edd.
575 2417 680 2466 Vicent.
691 2417 765 2467 Jnnt.
776 2431 816 2480 pr.
829 2417 890 2467 Ald.
901 2428 939 2466 est
951 2422 1070 2480 presunt.
1094 2417 1145 2466 sed
1163 2419 1238 2466 uteie.

138 2480 208 2530 Vide
219 2480 251 2531 ad
264 2483 282 2530 1.
293 2494 331 2531 ιν.
343 2497 369 2544 p.
381 2485 423 2530 82.
438 2481 571 2530 ‘Eventus
589 2481 768 2544 pronuntiari!
786 2482 898 2532 ota-t
916 2482 1003 2531 Oxou.
1020 2482 1050 2530 Si
1066 2482 1159 2543 quidem
1173 2481 1237 2543 pros.

137 2545 221 2607 Lege,
235 2545 314 2608 Siout
325 2547 400 2608 depr.
418 2552 447 2594 ut
466 2545 611 2594 sexcenties
628 2545 667 2593 ‘si
679 2546 740 2608 qui'
759 2559 816 2594 cunt
834 2545 899 2608 sing.
917 2559 1032 2594 nttatero.
1051 2547 1138 2593 Ide-5
1157 2546 1237 2593 Forte

137 2609 231 2658 meiius
250 2610 275 2658 in
293 2609 380 2659 Pelet.
397 2615 507 2672 cuperet:
523 2610 619 2658 deindo
640 2610 794 2658 divinationis
812 2609 875 2669 dus:
892 2610 950 2658 drle
969 2608 998 2658 rb
1013 2611 1065 2670 ejus
1081 2610 1237 2658 stratoribus

137 2672 208 2749 libri.
229 2674 344 2750 Wosocr.¹
358 2675 728 2750 Pst.euperetausp.Etmenb.
757 2674 823 2722 Item
833 2673 1148 2758 Grretf.,sec.Porperam.
1173 2673 1237 2752 itro-

139 2735 1237 2865 rtttrtautttrtttrttuutittarttttttttrtttt

97 2879 100 2886 ·
139 2870 285 2913 cunctarum.
301 2865 391 2915 lut-r
409 2866 495 2916 Oxou.
504 2864 591 2915 Gueif.
603 2879 642 2927 pr.
651 2880 795 2929 aspersurus.
808 2866 898 2915 Id.-8
915 2868 1039 2928 Volgares
1051 2866 1239 2926 quidetmsorti.

139 2927 235 2976 Verius
253 2934 326 2991 puto,
343 2930 424 2978 sortis.
443 2930 554 2979 CoIvius.
570 2930 674 2978 Bertiu.
691 2931 819 2979 addictam.
853 2929 999 2979 Addicendi
1022 2931 1128 2978 verbum
1149 2931 1237 2992 vulga·

139 2993 231 3040 tamin
244 2994 291 3041 hac
304 3008 341 3042 re.
362 2994 465 3042 Wosoer.
499 2994 581 3042 Reate
593 2995 666 3041 Bert.
676 2996 804 3042 addietum.
838 2993 886 3042 Est
897 2995 965 3043 enim
977 2996 1023 3044 boc
1039 2994 1161 3058 augurale
1180 3007 1236 3042 ver·

139 3055 208 3104 batn.
218 3057 275 3106 Lis.
288 3056 333 3106 tit.
342 3071 363 3106 t.
379 3057 457 3106 ‘Hoc
470 3071 555 3120 neque
566 3058 670 3118 mutari,
681 3072 766 3120 neque
782 3071 875 3105 norum
887 3058 1000 3115 institui,
1013 3057 1061 3106 nisi
1075 3072 1136 3106 ares
1148 3057 1238 3107 addix-

138 3119 231 3182 issent,
249 3120 341 3183 posse,¹
358 3121 383 3169 id
405 3129 454 3182 ost,
471 3122 659 3184 permisissent,
669 3122 733 3182 sive,
745 3128 774 3169 nt
784 3121 879 3170 ibidem
889 3122 977 3170 Liuius
989 3122 1111 3183 loquitur,
1121 3121 1237 3169 admisit·

139 3191 207 3233 sent.
224 3183 322 3246 Sciopp.
334 3185 449 3250 inSymb.
460 3192 483 3234 et
496 3186 565 3248 Sasp.
578 3199 604 3234 r.
615 3189 657 3235 23.
690 3186 781 3234 Scribe
793 3200 825 3234 cx
838 3185 955 3246 Bertino,
974 3187 1101 3233 addictam.
1121 3184 1237 3246 Colvius,

138 3248 222 3296 sortis.
251 3249 368 3298 Etutealt.
408 3250 540 3300 Addictum
559 3251 632 3298 sortis
651 3251 770 3313 presagio
792 3257 867 3300 recte
889 3248 1046 3298 emendabat
1066 3248 1237 3312 stewechius,

637 3365 745 3416 NOTAE

170 3457 184 3491 '³
201 3459 234 3508 ut
245 3457 316 3530 satis]
341 3458 399 3508 Nou
411 3467 452 3507 est
464 3463 506 3506 nte
518 3462 668 3512 adverbium
709 3463 788 3522 mine]
800 3462 832 3512 Id
844 3468 892 3518 est,
904 3477 951 3522 per
971 3475 1076 3520 germen
1094 3460 1188 3521 gleba,
1204 3460 1237 3510 de

137 3533 237 3590 ‘satia’
254 3533 298 3582 sed
319 3532 420 3582 dativus
439 3533 543 3595 pluralis
562 3547 577 3581 a
596 3540 669 3582 recto
710 3548 759 3598 qno
771 3534 902 3582 oraculum
920 3533 1043 3596 loquitur,
1062 3533 1179 3595 promitti
1200 3534 1238 3582 lu·

139 3607 338 3673 plnraii‘rata.'
362 3609 514 3670 congruunt
526 3621 601 3670 porro
613 3608 668 3656 trac
709 3623 781 3658 crum
805 3623 837 3656 ex
857 3608 962 3669 itinere,
984 3607 1052 3672 quod
1070 3607 1238 3670 suscipietur.

139 3699 196 3734 cum
209 3685 250 3745 iis,
262 3699 319 3748 quae
339 3683 417 3732 habet
436 3683 616 3734 Artemidorus
636 3683 668 3732 de
711 3685 769 3734 Nec
783 3693 857 3748 puto,
876 3683 999 3748 quicquid
1020 3682 1093 3732 dicat
1113 3682 1238 3746 Priorem,

138 3759 258 3822 Somniis,
270 3759 315 3808 lib.
327 3772 346 3808 1.
365 3774 423 3822 cap.
435 3763 476 3808 53.
494 3761 594 3824 'Apoupc
603 3757 670 3808 οὐδὲν
709 3761 764 3810 bna
777 3760 857 3810 verba
868 3775 914 3809 suo
927 3761 982 3809 loco
994 3759 1119 3808 movenda
1131 3773 1197 3821 esse,
1211 3769 1238 3808 st

138 3832 201 3883 tiano
223 3832 326 3892 tarini
353 3833 422 3896 γυνὴ,
442 3833 565 3900 σπέρματα
582 3834 608 3884 δὲ
629 3835 668 3884 not
709 3835 846 3886 referenda
854 3835 1031 3884 ademtionem
1040 3834 1240 3898 possessionum,
1273 3836 1276 3840 ’

138 3910 202 3969 ouri
210 3909 233 3959 oi
243 3911 337 3960 saitem
355 3903 453 3958 Arsam
463 3911 523 3960 ninit
537 3909 606 3960 atiud
618 3919 667 3974 est,
709 3911 742 3960 de
754 3927 804 3975 qua
816 3909 948 3974 precessit
959 3923 1050 3958 sermo.

139 3999 215 4049 qnam
233 3999 315 4047 nixos,
332 3985 431 4035 semina
447 3999 508 4034 vero
528 3992 556 4036 et
573 3987 668 4052 plante
740 3985 752 4020 ‘¹
769 3987 895 4036 Addictum
916 3984 1041 4033 sictariam
1056 3981 1120 4046 sorti
1144 3982 1239 4048 [urta]

141 4061 298 4112 sunttiberi.
318 4061 321 4067 '
706 4061 836 4126 patagio]
852 4059 992 4110 Habebunt
1009 4059 1139 4126 pleraeque
1158 4061 1240 4110 Editi-

173 4145 183 4172 θ
201 4139 234 4188 Et
246 4140 336 4188 tucrum
351 4138 462 4202 promitti
479 4141 508 4188 de
523 4138 599 4202 gieta
614 4154 669 4202 ger·
710 4152 772 4188 ones
795 4135 901 4186 additam
914 4133 979 4196 sorti
994 4137 1121 4200 presagio.
1154 4137 1237 4188 Recte
