2922 4826
398 383 755 440 rrursuonrrrosseu
783 385 856 430 urs.
881 383 936 430 rx.
1153 369 1219 445 613

114 526 241 608 vique?
263 525 365 588 odore
381 525 518 588 sulfuris
531 524 666 607 juvenis
691 526 888 601 inescatus‚¹
916 533 1016 610 atque
1039 527 1218 590 obnubila-

114 635 195 706 ῐιιε,Ζ
215 628 396 692 intercluso
411 627 544 710 spiritu,
561 626 755 692 diffluebat:
779 636 884 710 utque
907 635 961 692 est
981 628 1149 709 ingenium
1170 629 1218 692 vi·

115 730 215 794 vacis
231 718 381 805 merarii:
402 731 536 794 crebras
552 731 584 794 ei
600 732 862 796 sternutationes
877 731 1123 808 commovebat.
1158 729 1217 794 At·

116 851 182 913 que
197 839 236 894 ut
249 831 405 915 primum,
422 851 440 894 e
454 838 463 877 ³
479 832 611 914 regione
626 832 783 908 mulieris,
798 851 885 914 pone
896 839 1021 914 tergum
1037 831 1110 914 ejus
1120 834 1218 896 meri·

115 937 199 998 tus*
219 938 397 1015 acceperat
421 951 538 998 sonum
563 923 827 1010 sternutationis,
847 934 939 1016 quod
956 934 1042 998 enirn
1056 941 1068 979 ⁵
1084 939 1219 1015 putaret

115 1034 159 1098 ab
173 1032 239 1098 ea⁶
260 1033 447 1117 profectum
458 1056 466 1115 ;
479 1043 492 1082 ⁷
515 1035 614 1098 solito
629 1053 777 1098 sermone
789 1036 932 1100 salutem
943 1035 975 1099 ei
987 1034 1097 1099 fuerat
1109 1033 1140 1074 ⁸⁸
1155 1037 1220 1099 im·

113 1144 288 1218 precatus,
303 1141 336 1200 et
349 1136 469 1200 iterato
484 1155 623 1212 rursum,
641 1141 673 1200 et
695 1135 910 1219 frequentato
932 1137 1078 1219 saepics3
1101 1135 1218 1216 donec,

112 1237 164 1301 rei
188 1238 355 1304 nimietate
380 1246 583 1316 commotus,
610 1237 724 1321 quod⁹
745 1258 801 1304 res
825 1245 897 1306 erat
911 1239 1047 1304 tandem
1064 1239 1219 1322 suspice·

112 1456 139 1498 to
155 1453 228 1511 greci
247 1458 318 1516 etque
336 1453 451 1502 ceminio
466 1456 536 1501 odore
552 1453 661 1511 sulfuris,
671 1468 742 1515 ecque
759 1453 911 1516 praefocatus,
929 1469 956 1501 nc
972 1453 1136 1502 euertuntur
1147 1451 1216 1499 obco-

112 1516 188 1577 mer,
197 1517 326 1582 intercepte
336 1519 416 1568 enimc
425 1517 566 1582 deficiebat:
583 1523 608 1566 et
617 1532 670 1578 cere
679 1519 740 1568 rure
746 1518 831 1576 semite
840 1517 962 1568 sentabat
970 1519 993 1566 ei
1002 1517 1141 1580 frequentes
1155 1522 1217 1566 ster-

111 1579 260 1640 nutationes,
275 1588 302 1631 ut
318 1588 355 1630 est
371 1583 420 1642 eins
434 1588 529 1632 acturo.
569 1583 603 1630 Et
626 1583 697 1632 simui
718 1597 746 1632 cc
767 1583 880 1644 meritus,
902 1581 942 1645 qni
960 1582 1054 1632 sedebat
1073 1598 1104 1631 ere
1120 1582 1218 1636 adverse

112 1645 205 1705 neoris,
221 1646 329 1696 aderat
344 1661 427 1696 waere
440 1645 622 1696 stemutmneeti
641 1653 694 1709 pest
720 1652 813 1708 tergum
834 1647 919 1712 ipsttu,
932 1647 987 1710 quic
1003 1647 1092 1696 seilicet
1108 1645 1218 1694 credebat

111 1707 143 1756 ab
165 1709 219 1770 ipse
237 1710 359 1772 mdimer
376 1716 499 1773 optauerat
514 1711 537 1759 ei
552 1712 652 1760 satutem
668 1711 747 1760 verbis
762 1711 888 1772 consuetis,
914 1726 1011 1773 eumque
1026 1711 1146 1772 iterasset,
1163 1723 1217 1758 rer·

111 1785 152 1828 ess
167 1774 269 1822 mutem
282 1769 313 1822 *ei
336 1780 470 1836 optaverat,
494 1775 618 1837 crebreque
633 1779 807 1824 sternutantes
826 1779 907 1824 eudem
930 1777 1007 1824 selme
1028 1773 1113 1834 fuerat
1130 1775 1217 1836 sapius

107 1843 262 1896 prosecutus:
287 1841 362 1901 quoad
385 1845 507 1902 pennotus
522 1840 596 1888 nimie
617 1835 756 1902 frequentin
773 1842 982 1903 sternutationem,
998 1839 1063 1889 verrit
1080 1840 1174 1888 tandem
1190 1840 1217 1888 irr

112 2080 188 2130 Cois.
221 2080 252 2128 Id
265 2081 332 2145 qnod
346 2081 412 2131 Edd.
425 2083 457 2132 ad
470 2082 587 2132 Cetrium
600 2098 680 2146 usqne
693 2084 855 2132 retinuerunt
867 2088 957 2132 contre
967 2082 1033 2130 Mss.
1046 2088 1074 2130 et
1087 2080 1153 2131 Edd.
1169 2095 1216 2144 pp,

111 2143 182 2194 Vide
194 2145 266 2194 Prie.
279 2153 307 2194 et
319 2147 417 2196 Corum.
436 2146 468 2195 sd
486 2148 530 2196 lib.
543 2161 585 2196 nr.
602 2163 628 2210 p.
640 2151 681 2197 48.
715 2149 810 2196 Interea
820 2147 876 2194 dum
888 2145 980 2194 Heius.
992 2145 1017 2198 d.
1031 2146 1047 2194 Ι.
1066 2145 1140 2208 [Vid.
1152 2145 1216 2195 Ver.

110 2209 189 2258 Lect.
201 2209 234 2258 ed
247 2211 444 2273 precedentis]
453 2213 523 2275 qnod
534 2213 577 2260 vix
589 2213 674 2276 capio.
692 2213 806 2260 ond-9
823 2212 905 2260 Deest
917 2211 1011 2274 copule
1023 2212 1073 2260 Ms.
1084 2209 1218 2261 D’Orriti.

110 2273 200 2322 Id.-1
219 2274 278 2323 Non
290 2274 367 2324 audio
380 2275 414 2324 N.
427 2276 574 2336 Heinsinm,
588 2276 683 2324 ibidem
703 2276 736 2324 ed
749 2277 872 2324 Ovidium
885 2277 1078 2338 conjectantem
1090 2274 1217 2340 infestatam

110 2339 154 2385 vet
164 2343 281 2388 enecatus.
314 2338 594 2399 Intelligitsnturatum
607 2340 698 2400 odore,
709 2355 784 2404 quem
796 2341 892 2399 harisit,
903 2345 981 2404 etque
993 2337 1095 2387 imbibit
1105 2347 1132 2387 et
1141 2339 1216 2402 qnasi

111 2401 251 2450 devoravit
260 2403 372 2464 juvenis.
406 2404 475 2452 Vide
486 2405 570 2453 Indic.
581 2413 609 2454 et
621 2405 665 2454 tib.
676 2419 726 2454 vrr.
740 2421 765 2468 p.
778 2407 835 2454 144.
853 2413 860 2433 ·
872 2403 980 2466 Rapinie
991 2417 1070 2454 cenes
1082 2403 1214 2462 inescatos

111 2474 192 2530 atque
203 2465 349 2517 distentos.'
360 2467 448 2518 let-n
459 2469 546 2519 Petet.
558 2469 726 2520 obtruncatus.
740 2469 830 2518 iden
845 2467 973 2518 D’Orvili.
985 2483 1016 2516 n:
1027 2483 1054 2516 sn
1076 2481 1104 2516 ra
1116 2467 1166 2516 scri
1188 2474 1216 2516 to

111 2544 133 2578 e.
167 2531 236 2579 Vide
249 2532 281 2579 ad
293 2532 336 2580 tib.
350 2545 394 2582 ιιι.
405 2537 479 2596 ρ.49.
495 2533 659 2581 ‘'Pendentes
669 2548 772 2582 mannrn
785 2547 799 2578 e
812 2534 916 2594 regione
928 2532 1035 2581 lateris?
1053 2481 1142 2580 Feb—4
1189 2546 1215 2582 u·

109 2594 187 2643 rtem
198 2595 286 2644 Gnetf.
308 2611 348 2660 pr.
365 2597 453 2646 la-e
473 2597 588 2652 Quodam.
605 2599 670 2648 an.
690 2600 751 2660 qaod
770 2597 847 2646 enim:
865 2603 892 2645 et
911 2595 973 2645 Ald.
992 2603 1021 2644 et
1038 2609 1110 2643 vere.
1129 2596 1214 2644 unu.

113 2659 185 2713 Quod
195 2661 271 2708 enim:
290 2659 379 2711 Patet.
390 2663 447 2724 qnid
458 2664 528 2711 enim.
551 2661 617 2710 Edd.
631 2663 692 2711 Ber.
702 2663 761 2710 Bes.
771 2667 794 2711 l.
813 2662 882 2718 Quod
892 2675 954 2724 eum,
965 2662 1027 2708 Bes.
1035 2673 1086 2709 sec.
1100 2660 1216 2714 Quodam.

110 2723 183 2771 Care
195 2738 228 2772 ne
240 2726 311 2787 tegas
327 2728 388 2788 qnod
405 2739 467 2786 eum,
491 2733 518 2774 et
539 2726 597 2774 ride
616 2727 648 2774 ad
669 2741 694 2790 p.
709 2729 765 2776 184.
782 2725 878 2776 ‘Quod
896 2727 964 2774 enim
986 2723 1081 2774 rebar!
1098 2725 1215 2772 ond—6

111 2786 180 2835 Perre
189 2793 292 2850 tergam,
303 2792 344 2854 te.
356 2789 386 2838 nb
396 2804 431 2840 ee.
448 2791 515 2838 Haec
527 2790 628 2838 inducit
642 2793 771 2840 Berttnns.
784 2790 941 2839 Elmenbe-'i
959 2787 1049 2838 unere.
1060 2802 1114 2838 sec.
1122 2787 1215 2850 perfee-

111 2855 171 2900 rem.
189 2853 305 2902 nun—s
323 2854 407 2902 Patet.
429 2853 517 2902 nuere.
536 2869 588 2903 sec.
601 2855 696 2914 sereret
716 2855 748 2903 ei.
781 2855 848 2902 Vide
868 2855 934 2903 Ptin.
945 2853 989 2902 lib.
1002 2865 1107 2902 xxvur.
1119 2867 1177 2916 cap.
1188 2856 1214 2902 2.

111 2913 201 2964 Ide-9
219 2918 288 2971 Quoe.
305 2918 396 2966 Scribe
409 2931 442 2966 ex
455 2919 542 2968 Patet.
558 2920 626 2982 qnod.
645 2918 798 2967 Wowerins.
821 2919 898 2974 Quod.
909 2919 1076 2980 unguem
1094 2914 1214 2966 Elmenh.

111 2979 262 3030 verissime.
296 2983 472 3031 Consentiunt
489 2983 554 3032 Mss.
574 2985 644 3032 Flos.
665 2983 731 3046 Reg.
749 2983 814 3032 Fax.
836 2983 907 3032 Pitb.
925 2980 1016 3031 Guetf.
1035 2981 1107 3046 Lips.
1127 2981 1214 3030 Oxou.

610 3129 719 3182 NOTAE

110 3239 168 3288 nins
189 3239 260 3288 dicat
272 3246 280 3268 ’
292 3254 364 3288 nsnm
376 3239 483 3289 suitirris
493 3241 525 3290 ad
538 3241 641 3292 suffieit·
682 3243 751 3294 Quin
762 3247 789 3292 et
799 3241 860 3305 ipsae
870 3251 943 3288 venae
954 3237 1080 3286 t'ossitium
1090 3251 1106 3286 a
1117 3235 1214 3299 Plinio,

111 3317 157 3364 das
168 3315 240 3366 lanes
250 3329 306 3365 esse
316 3313 468 3366 efficacem!
502 3317 563 3374 Sed,
571 3325 641 3367 ntra·
682 3319 814 3380 Vitruvio,
825 3315 933 3380 aliisque
951 3312 1089 3364 ‘metuite'
1102 3313 1215 3363 vocitan-

111 3391 148 3438 ris
167 3390 248 3438 tectio
268 3389 418 3452 retineatur,
440 3406 527 3440 sensus
549 3393 641 3456 pierius
683 3403 734 3446 tur.
766 3393 810 3444 Sic
829 3392 955 3442 ‘metelle
977 3388 1052 3451 anri,'
1074 3389 1215 3452 ‘urgenti,’

111 3473 167 3527 est;
183 3475 238 3514 tem
250 3465 320 3514 eninr
334 3465 432 3516 dicitur
444 3468 452 3495 ‘
462 3465 532 3518 turno
544 3467 641 3518 suffun-
683 3472 691 3498 ⁴
705 3467 784 3528 reris,'
796 3471 803 3496 ⁸
816 3465 952 3523 sturninir.'
964 3468 1014 3516 tre.
1032 3466 1127 3529 passim
1143 3465 1170 3516 in
1182 3466 1214 3516 iis

111 3539 191 3598 dere,'
202 3555 280 3604 qnam
292 3544 300 3569 ‘
312 3541 411 3590 suitrrre
422 3540 529 3592 suffire!
684 3543 832 3594 auctoribus
843 3543 967 3605 reperias.
1009 3597 1012 3605 Δ

140 3621 150 3648 ¹
179 3615 278 3666 Vieaeis
305 3615 405 3679 muniis]
435 3617 519 3665 Vivax
545 3617 642 3667 dicitur
714 3627 724 3652 ¹
748 3618 826 3667 Solito
846 3629 951 3666 sermone
972 3616 1071 3663 satutem
1091 3613 1115 3662 ei
1129 3614 1214 3674 semet

110 3689 192 3740 sulfur
201 3705 217 3740 a
226 3690 318 3740 viridis
331 3691 475 3754 spiritibus,
485 3693 576 3756 quibus
586 3709 641 3742 sca·
681 3691 835 3758 imprecatio]
853 3691 1025 3742 sternuentes
1044 3691 1159 3738 satutare
1171 3705 1214 3740 su·

110 3773 157 3828 tet,
168 3777 197 3816 et
211 3765 410 3832 facilitateque
421 3769 506 3832 ignem
518 3769 642 3833 concipit.
683 3772 783 3834 tiquam
802 3783 860 3820 esse
881 3781 979 3816 rnorem
996 3779 1054 3815 cum
1078 3765 1120 3814 hic
1143 3765 1214 3814 toene

111 3843 214 3894 Metelli
230 3857 309 3908 porro
320 3845 422 3892 nomine
434 3859 484 3892 noo
495 3845 572 3894 rnodo
583 3859 642 3909 sep·
684 3847 787 3911 probet,
800 3853 854 3894 turn
864 3845 915 3891 alia
927 3842 1008 3891 muita
1018 3855 1051 3890 ex
1062 3840 1212 3904 antiquiori·

111 3925 161 3968 tem
172 3920 252 3982 vntgo
271 3917 405 3968 celebrate
424 3920 528 3968 metatis
546 3921 642 3970 intelli·
682 3922 731 3973 bns
747 3920 927 3984 scriptoribus.
960 3917 1043 3965 Vetus
1055 3914 1214 3964 PoetaArn·

111 4004 216 4058 guntur,
227 3995 273 4044 sed
291 4010 322 4044 ee
334 3994 390 4044 fere
400 3998 497 4056 omnis,
508 4010 566 4060 qne
577 3995 641 4046 effe·
682 3999 792 4059 miscus,
803 3997 998 4060 Epigrammate
1017 3991 1112 4054 relato,
1121 3992 1168 4042 lib.
1180 4005 1213 4042 11.

111 4072 242 4122 dinntnre
259 4079 336 4122 terre
354 4072 435 4134 venis,
447 4081 512 4136 pute
530 4073 641 4136 elumen,
681 4072 863 4135 Anthologieer
876 4067 937 4118 otri
946 4065 1013 4128 λέγει
1024 4067 1068 4116 zei
1076 4070 1165 4128 σῶσον,
1173 4067 1214 4118 ἐὰν

110 4149 252 4211 vitriclum,
260 4147 353 4208 sulfur,
362 4157 503 4214 ceteraque
511 4150 537 4199 id
549 4164 641 4214 genus,
681 4148 768 4213 παρῇ.
779 4147 807 4196 eb
814 4146 861 4208 γὰρ
869 4142 947 4196 ἀκούει
956 4144 1004 4202 ’rire
1013 4141 1084 4207 ῥινὸς,
1094 4141 1158 4194 πολὺ
1165 4142 1213 4208 sip

111 4239 169 4289 que
191 4229 199 4256 ‘
219 4224 375 4277 miseralis’
396 4227 473 4292 rutro
496 4227 640 4292 eppeitent.
681 4227 726 4286 τῆς
736 4224 807 4284 dreis
818 4221 912 4286 ἀπέχει.
946 4219 1041 4284 Idest,
1055 4219 1213 4294 ‘Nequed-
