2922 4826
397 355 753 406 uurnuouruosuon
780 355 850 404 utu.
874 333 928 406 rx.
1143 347 1206 411 593
1242 389 1247 400 -

106 495 266 559 subdolis
294 495 515 577 ambagibus4
540 499 775 564 construebat:
828 500 873 565 At
900 507 985 582 ego5
1015 500 1207 586 quanquam

101 597 252 676 graviter
275 596 503 660 succensens⁶
527 601 627 663 errori
647 600 790 677 Fotidis,
814 621 897 684 quoe·
915 621 980 678 me,
1006 602 1085 666 dnm
1101 623 1205 668 ¹nvem

100 697 279 774 fabricat:
299 697 460 779 perficit⁷
484 700 626 774 usinum,
650 703 717 766 isto
746 709 854 766 tamen
882 702 937 766 vel
958 704 1058 768 unico
1086 707 1206 770 solutio

104 798 337 862 aerumuubilis
367 798 588 864 deformitatis
614 821 699 866 mese
729 803 929 878 recreabar,⁸
955 804 1046 886 quod
1070 809 1206 870 auribus

108 897 341 980 grandissimis
360 901 533 982 praeditus
549 910 673 968 ounetu
686 903 936 984 longule-etium
952 904 1092 968 dissitn⁹
1112 906 1207 970 lucil·
1292 985 1296 994 .

99 1000 190 1062 -lime
213 999 407 1064 sentiebam.
453 999 606 1085 Denique
629 1004 683 1068 dio
708 1005 1015 1087 quadumtinnuln
1031 1006 1121 1069 illius
1136 1009 1206 1070 uni-

107 1101 198 1164 culae
222 1118 331 1166 sermo
354 1101 453 1165 talis¹
477 1103 568 1168 meas
592 1106 722 1170 offertur
743 1113 882 1171 uuresz²
905 1106 959 1168 De
975 1106 1042 1170 isto
1058 1108 1204 1190 quidem,

106 1265 317 1325 infortunatissimi
329 1269 426 1330 nroriti.
451 1271 487 1318 At
508 1285 560 1332 ego,
579 1271 684 1332 quemuis
701 1273 768 1320 ualde
786 1272 862 1320 iratus
878 1285 949 1319 essem
966 1275 1077 1321 aduersus
1089 1275 1205 1336 Fotilcm,

107 1331 176 1391 quod
190 1346 268 1379 errore
288 1347 330 1380 suo
347 1335 489 1392 messuisset
501 1338 603 1393 omnum,
618 1336 675 1381 dum
696 1337 766 1383 uellet
786 1335 811 1382 in
835 1349 901 1384 auem
923 1340 1032 1393 mulare;
1052 1337 1206 1400 percipiebam

109 1399 191 1441 tomen
211 1399 248 1444 uei
263 1397 306 1444 lroc
324 1413 395 1444 unum
414 1401 516 1456 sutanum
532 1413 589 1446 meu
609 1399 744 1446 cruciabilis
765 1399 931 1458 deformitatis,
951 1402 1011 1460 quod
1025 1401 1143 1458 facillime
1164 1417 1206 1450 au-

107 1457 203 1505 diebam
223 1462 300 1508 omniu
321 1461 394 1508 etium
415 1462 559 1522 longiuscule
577 1466 675 1519 remoto,
697 1467 776 1523 utpote
795 1462 923 1510 instructus
939 1463 1082 1522 longissimis
1099 1466 1205 1513 nuribus.

100 1521 228 1584 ’Denique
238 1525 338 1586 quadum
347 1526 386 1574 die
397 1525 508 1583 ommam
518 1524 593 1573 orado
604 1525 746 1574 meticuloso·
754 1525 819 1574 illius
828 1541 888 1574 onus
895 1525 1002 1588 peruenit
1012 1528 1043 1575 ad
1053 1541 1116 1576 meas
1125 1543 1207 1578 aures:

568 1667 749 1688 moun}

105 1763 189 1812 duur:
205 1762 305 1812 velitata
320 1778 407 1812 scmus.
440 1763 484 1812 sto
495 1763 563 1812 euim
575 1771 616 1812 est
628 1765 652 1812 in
666 1765 740 1813 Bert.
757 1765 847 1814 Sueuos
865 1744 990 1826 ¹Apuleius
1001 1781 1051 1814 nou
1066 1748 1145 1814 semel
1158 1782 1204 1829 pro

109 1825 247 1874 fraudibus
264 1833 292 1874 et
307 1827 411 1878 teeltnis
428 1827 509 1888 ponit,
526 1838 556 1876 ut
574 1829 619 1877 lib.
632 1842 696 1876 vrri.
710 1833 838 1890 pag.180.
856 1830 1115 1892 ‘Placuit'l'lrrssyllo
1127 1845 1205 1878 scene

109 1890 403 1953 feraliumuuptiuram!
432 1892 466 1938 Et
477 1906 536 1953 pag.
548 1896 604 1942 142.
621 1893 823 1954 ‘Turpissimum
842 1907 945 1940 scennrn
957 1892 1137 1954 patefaciunt?
1171 1896 1205 1942 Et
1298 1928 1299 1932 ,

265 1956 273 1981 ι
512 1957 516 1966 ·
644 1956 649 1966 ·
683 1957 688 1966 ·
828 1955 833 1966 ·
859 1955 866 1977 r
965 1957 970 1966 ·
1041 1957 1046 1968 ·
1164 1957 1170 1968 ·
1198 1975 1203 1985 .

107 1954 1205 2082 ittettuttiintuitionitibitibi·...iitttititgtitttr
1251 1999 1260 2015 ·

110 2080 341 2130 exclamationibus
360 2081 484 2142 tragicis!
501 2105 503 2108 ·
519 2083 588 2144 Lego
610 2082 692 2144 agiis
718 2083 819 2131 theatro.
855 2082 967 2133 Quintil.
985 2083 1030 2132 lib.
1047 2097 1085 2132 vr.
1106 2098 1163 2144 esp.
1180 2091 1204 2134 i.

104 2149 117 2172 '⁸
128 2144 307 2194 Discutiendae
330 2154 417 2194 tumen
437 2146 554 2194 oratione
574 2146 719 2208 hujusmodi
739 2145 842 2194 seeum!
877 2147 1001 2210 Loquitur
1021 2148 1054 2195 de
1066 2147 1165 2196 technis
1177 2157 1205 2197 et

110 2207 222 2256 artificio
242 2215 372 2257 oratorum
394 2209 513 2271 lucrymis
533 2209 824 2270 judices'moveutium.
841 2209 935 2272 Sciopp.
948 2211 975 2258 in
987 2211 1069 2274 Sumo.
1100 2211 1205 2261 Velitato

102 2286 199 2319 ¹sceneos.
226 2269 322 2320 Sie'ex
344 2273 437 2321 Msstis
458 2273 499 2320 bic
522 2273 593 2321 locus
612 2273 843 2336 interpungendus.
877 2275 972 2336 Vulgo,
993 2275 1103 2323 velitatus
1123 2290 1205 2323 conus.

109 2335 278 2384 Ebusum—d
295 2335 397 2384 D'Orr.
411 2336 507 2392 ¹subdoli
525 2337 586 2385 cmi.
604 2336 722 2386 ond—5
739 2338 840 2385 Bertiu.
861 2338 895 2386 Ut
913 2352 964 2398 ego.
981 2338 1073 2388 lo.-o
1091 2339 1205 2387 Graviter

109 2413 254 2448 merassas.
265 2399 352 2448 Prima
362 2413 413 2450 ,vox
425 2400 498 2448 abest
510 2397 608 2448 D'Orv.
622 2402 686 2454 Fur,
703 2415 823 2448 succesum
834 2400 860 2448 in
872 2401 962 2450 eodem
975 2403 1061 2450 Palut.
1074 2417 1103 2458 ae
1116 2402 1204 2465 Guelf.

109 2475 165 2511 sec.
180 2477 315 2512 msceuseus
335 2463 420 2518 Onon.
437 2463 506 2526 quod
527 2463 679 2518 Glossurnm
697 2465 852 2522 anctoritate
872 2465 969 2512 rectius
988 2472 1064 2526 putet
1081 2465 1205 2515 Pricaens.

102 2527 237 2576 Nonnulli
247 2527 346 2577 seilicet
353 2527 513 2588 scripserunt
524 2540 653 2576 suecuuere
664 2541 711 2590 pro
722 2542 865 2589 succensere,
877 2534 905 2576 ut
917 2530 924 2555 ‘
934 2529 1067 2589 succipere
1077 2527 1084 2549 '
1097 2536 1124 2576 et
1134 2537 1140 2556 ⁶
1150 2545 1204 2578 sire·

90 2589 219 2651 ‚cipere'
250 2590 317 2638 Vide
335 2590 368 2639 ed
385 2591 442 2640 Lis.
461 2592 483 2646 l,
500 2604 566 2644 xxv,
583 2605 606 2640 e.
619 2595 645 2640 6.
668 2592 714 2639 sed
731 2591 908 2650 ‘succedere’
924 2591 1111 2653 {succurreret
1128 2593 1204 2652 ‘sirc-

110 2653 226 2704 collure.'
259 2652 692 2711 Mox'sobricctouemFux.1d.-l
710 2655 794 2703 Pelet.
804 2653 906 2702 D'Orv.
919 2657 984 2704 Fux.
1001 2655 1109 2718 perfecit.
1129 2656 1205 2704 Id.-

109 2721 126 2764 ⁸
144 2715 233 2768 Guelf.
245 2733 285 2780 pr.
296 2719 423 2772 recreabat.
440 2718 536 2767 ld-u
548 2719 612 2779 Reg.
624 2719 689 2767 Fux.
707 2724 731 2768 ct
750 2719 841 2768 dissito.
859 2719 949 2766 Id.—l
969 2719 1068 2768 Timidoe
1079 2721 1143 2778 iilius
1153 2721 1204 2769 oni·

108 2782 251 2830 cuioeuermo
262 2781 326 2832 tulis.
350 2781 448 2830 Nullibi
466 2789 575 2844 apparet
586 2783 662 2830 timor
671 2782 795 2838 uniculae:
814 2797 893 2845 quare
905 2783 1070 2847 scribendum
1084 2783 1206 2843 arbitror,
1239 2797 1240 2802 ¹

100 2846 242 2892 terrulenta
252 2846 317 2894 iltius
327 2845 388 2896 unic.
407 2845 558 2895 Wowsrius.
578 2847 629 2894 Ms.
649 2846 707 2896 tolie
720 2846 813 2908 quidem
828 2862 861 2895 m.
880 2847 967 2907 Forte,
983 2848 1086 2909 quidum.
1120 2847 1204 2896 Porro

100 2921 161 2954 Ινωι
177 2908 276 2968 timido,
294 2909 384 2970 timeo,
398 2910 491 2957 menda
510 2916 540 2958 ut
555 2916 652 2958 cureat.
687 2911 780 2972 Neque
796 2910 864 2963 enirn
875 2924 984 2973 seqneus
995 2911 1104 2960 uuioulae
1120 2924 1204 2960 sermo

108 2971 247 3034 quiequam
259 2971 338 3020 babet
350 2973 435 3024 timori
447 2971 531 3022 affine.
565 2974 601 3022 Et
613 2973 674 3037 quid
686 2974 707 3023 si
720 2973 863 3034 tegendum,
876 2974 968 3034 uvido,
985 2975 1012 3022 id
1024 2982 1072 3036 est,
1087 2975 1205 3035 ebriosae,

108 3035 177 3083 sieut
189 3035 384 3084 Horatius-voce
395 3035 445 3084 istu
454 3037 554 3086 utitur?
565 3037 660 3099 Sciopp.
672 3037 697 3084 in
708 3035 788 3099 Syrnb.
806 3039 956 3099 Wowerius,
967 3041 1109 3086 temulentie.
1119 3039 1206 3100 Sciop-

108 3099 176 3160 pius,
187 3099 271 3148 uuidoe.
293 3099 552 3148 Elmenborstius.-2
571 3101 621 3152 Me.
638 3100 714 3158 defert
724 3114 799 3148 aures.
826 3101 913 3161 Forte,
924 3100 1072 3158 seritaures.
1091 3102 1204 3150 Colvius.

106 3161 141 3210 In
154 3161 219 3210 Cod.
232 3163 289 3211 Pul.
300 3175 351 3212 nou
362 3161 473 3226 offertur,
490 3164 536 3212 sed
547 3163 661 3223 defertur.
682 3165 788 3212 Wower.
822 3165 874 3214 Qui
891 3165 929 3212 sie
951 3179 1008 3212 curn
1031 3166 1099 3212 Etm.
1120 3165 1203 3213 Scriv.

107 3225 182 3274 Prie.
202 3226 271 3275 Flor.
291 3226 382 3275 edidit.
417 3228 589 3276 Consentiunt
601 3228 678 3276 etism
690 3229 763 3276 Bert.
780 3226 868 3275 Guelf.
888 3227 972 3288 ambo,
989 3233 1017 3276 et
1034 3228 1120 3276 Onon.
1138 3230 1205 3276 mule

107 3290 216 3351 insuper
227 3291 301 3344 dens,
318 3291 423 3349 defertur
433 3294 464 3340 ud
474 3306 550 3340 aures.
579 3293 635 3353 Ego
648 3297 734 3340 temen
744 3292 836 3340 nollem
849 3297 993 3340 ceterarum
1007 3291 1087 3340 Codd.
1099 3297 1126 3340 et
1138 3291 1203 3340 Edd.

99 3353 248 3402 -leetionem
260 3352 361 3416 affertur
372 3355 410 3403 ita
420 3363 518 3404 temere
530 3361 662 3405 mutatam.
697 3355 763 3404 Nsrn
777 3361 803 3402 et
814 3356 830 3402 l.
843 3359 953 3429 epto.
971 3355 1114 3418 babuimus,
1124 3355 1131 3381 ‘
1141 3357 1204 3404 urui-

107 3416 227 3465 titudiuis
238 3422 359 3466 conserte
376 3433 424 3466 vox
437 3433 512 3466 sures
522 3419 577 3482 ejus
589 3415 697 3468 offertur
707 3419 723 3466 τ’
739 3418 782 3466 ubi
794 3419 860 3466 male
880 3432 906 3466 ru
922 3419 1074 3482 quibusdem
1096 3420 1202 3474 auribus.

101 3479 274 3530 ,Omnintsre
295 3481 384 3544 verbe,
399 3497 456 3544 quur
474 3489 571 3530 motum
590 3481 623 3530 ad
642 3483 725 3530 locum
745 3481 902 3544 significent,
918 3481 1043 3545 Apuleius
1055 3491 1205 3532 construere

108 3544 177 3593 solet
188 3558 246 3592 eum
259 3550 351 3608 quarto
362 3559 431 3605 cusu,
444 3546 624 3596 subintellecto
635 3545 830 3608 propositione.
849 3547 877 3594 L.
886 3559 906 3594 1.
918 3561 948 3608 p.
959 3550 983 3594 t.
1000 3549 1008 3574 ‘
1022 3547 1156 3609 pervenire
1167 3547 1204 3594 ci-

109 3607 239 3656 vitatem!
272 3609 302 3656 1..
311 3622 350 3657 vr.
362 3623 388 3672 p.
401 3613 456 3659 130.
474 3616 563 3670 ‘penu
582 3609 686 3657 loricam
704 3607 812 3657 domus!
844 3608 914 3656 Alibi
932 3609 1093 3672 ‘advenire,’
1111 3609 1204 3656 ‘deve-

108 3672 496 3732 nire,’‘revenirociritarem’
529 3671 598 3720 Vide
619 3673 651 3721 ud
672 3674 689 3722 l.
702 3685 752 3721 vu.
773 3688 798 3735 p.
810 3675 865 3720 141.
892 3671 964 3721 lutra
984 3672 1203 3736 p.2⁰t.‘veuire
1261 3681 1265 3692 ’

109 3734 202 3782 riam!
220 3739 313 3797 p..205.
330 3738 461 3784 ‘remeare
474 3735 576 3784 eastre!
609 3737 702 3785 L.v11·.
723 3735 782 3784 init.
797 3735 899 3784 ‘redire
918 3737 1038 3787 hortum!
1070 3737 1100 3785 L.
1118 3751 1155 3784 rx.
1176 3751 1203 3798 p.

109 3802 168 3846 199.
185 3799 335 3859 ‘pervolare
346 3799 499 3862 scopulum!
532 3801 562 3849 L.
575 3815 600 3848 v.
612 3813 638 3862 p.
649 3803 690 3848 99.
707 3799 879 3849 ‘contendere
896 3801 1059 3850 cubiculum!
1092 3801 1121 3848 L.
1134 3813 1165 3847 rr.
1177 3815 1203 3860 p.

108 3867 151 3908 30.
167 3862 321 3910 ‘accurrere
332 3863 393 3912 me.'
416 3865 453 3912 L.
471 3877 514 3913 ιιι.
525 3878 551 3925 p.
562 3869 602 3912 ⁵6.
617 3864 740 3924 ‘epulus'
774 3863 803 3911 L.
813 3877 851 3910 ιν.
864 3877 889 3924 p.
900 3867 941 3912 re.
973 3865 1015 3912 Sic
1027 3871 1053 3912 et
1065 3864 1124 3910 aiibi
1140 3863 1203 3910 ‘de-

108 3925 162 3973 labi
175 3926 328 3989 Oceanum,'
342 3925 491 3978 ‘deduxere
507 3927 656 3988 civitatem,'
679 3926 811 3976 ‘incidere
828 3926 954 3990 aliquem?
987 3927 1051 3977 Mox
1067 3927 1203 3977 ‘adsidere

361 4114 363 4120 .
602 4059 708 4122 NOTAE
1026 4118 1027 4122 ,

351 4159 503 4221 -rnsna
526 4157 557 4208 ια
576 4164 624 4219 ert,
638 4156 763 4206 fassione
780 4154 966 4219 volumumus.
1051 4132 1054 4136 ’

177 4237 266 4302 Delplr.
275 4243 300 4288 et
308 4238 366 4289 Vm.
377 4237 444 4289 Cios.
624 4236 696 4298 Apul.
1083 4242 1098 4286 2
1116 4238 1138 4285 P
