2922 4826
419 315 776 366 uerruonrrroseou
804 319 877 366 niu.
901 319 956 366 ix.
1167 309 1233 374 571

135 459 386 536 accommodas,
402 465 439 524 ut
452 461 648 524 exobrutum
662 461 813 544 protinus
826 462 971 526 tradatur
980 463 1109 528 emtori.
1155 464 1185 528 E
1197 485 1234 530 re

135 568 217 625 nata
228 562 375 639 fallacia,
387 563 519 626 mulier⁸
533 562 745 626 temerarium
764 562 886 626 tollens
906 563 1120 642 cachinnum,
1136 563 1233 648 Mag-

135 681 228 740 num,
243 664 361 746 inquit,
372 663 499 728 istum⁸
515 664 622 728 virum
637 681 677 728 ac
692 670 861 728 strenuum
881 665 1119 747 negotiatorem
1134 675 1234 731 nucia

137 782 225 840 sum,
250 765 309 846 qui
331 783 412 840 rem,
435 785 538 849 quam
562 784 624 846 ego
646 765 774 842 mulier,
796 773 832 830 et
856 765 942 831 intra
956 766 1139 850 hospitium
1154 787 1234 833 con·

136 872 254 944 tenta,⁹
279 867 478 950 jamdudum
504 875 631 951 septem
659 867 803 954 denariis
831 867 977 945 vendidi,
1003 870 1140 933 minoris
1166 869 1235 934 dis-

135 969 254 1031 traxit.
296 967 539 1034 Additamento
561 969 680 1053 pretii¹
702 970 802 1034 laetus
824 970 978 1048 maritus,
1004 969 1049 1034 Et
1074 973 1151 1054 quis
1180 979 1235 1036 est

136 1069 206 1146 ille,
228 1069 302 1146 ait,²
324 1071 383 1152 qui
407 1075 517 1136 tanto3
537 1073 768 1155 praestinavit'i
806 1071 854 1136 At
874 1071 946 1150 iila,
970 1071 1073 1149 Olim,
1094 1074 1235 1156 inepte,4

135 1171 257 1252 inquit,
272 1171 444 1236 descendit
457 1173 492 1236 iu
506 1172 642 1250 dolium,
657 1173 781 1238 sedulo
805 1173 1007 1238 soliditatem
1022 1175 1096 1258 ejus
1111 1177 1234 1257 proha·

136 1283 238 1336 turus.
261 1272 336 1337 Nec
344 1273 400 1338 ille
409 1276 551 1340 sermoni
561 1276 708 1340 mulieris
718 1276 823 1340 defuit
834 1295 842 1339 ε
853 1281 864 1322 ⁵
876 1275 1038 1358 sed[181]
1049 1295 1234 1358 exsurgens

137 1373 304 1452 alacriter,
319 1373 397 1452 Vis,
411 1377 530 1459 iuquit,
547 1397 661 1441 verum
677 1378 775 1455 scire,
789 1377 1063 1441 materfamiliasi
1086 1377 1153 1440 boc
1172 1379 1234 1444 tibi

137 1475 265 1540 dolium
280 1477 379 1540 nimis
391 1484 563 1543 vetustum
576 1485 639 1554 est,
655 1484 689 1542 et
703 1478 920 1544 multifariam
938 1475 1051 1540 rimis⁶
1065 1477 1234 1544 hiantibus

135 1663 170 1720 te,
182 1665 205 1708 et
213 1675 249 1708 me
260 1661 378 1710 tumidum
388 1659 482 1722 adjuro,
493 1666 520 1710 rt
528 1673 638 1710 mamm
645 1661 730 1724 iprum,
738 1668 762 1710 et
769 1663 850 1712 demes
859 1663 950 1710 ociori.
966 1661 1056 1710 Dolore
1065 1661 1150 1710 mulier
1158 1673 1235 1709 emim·

134 1737 192 1784 pem
199 1725 264 1772 illico
273 1725 300 1774 r‘u
311 1727 421 1774 audacem
430 1726 514 1788 rmum,
527 1726 578 1774 Hic
588 1731 650 1774 certe
661 1726 768 1786 mumius,
779 1727 867 1789 inquit,
878 1727 917 1774 eui
927 1727 1005 1788 nupsi,
1013 1728 1141 1788 precium
1147 1726 1237 1786 virent,

135 1792 162 1834 et
171 1789 244 1838 rotem
254 1793 377 1846 mercator,
387 1791 437 1852 qui,
446 1805 515 1852 quum
526 1805 569 1852 ego
579 1805 629 1837 rem
638 1789 693 1848 jum
708 1791 800 1852 pridem
816 1791 911 1839 vendidi
919 1795 1006 1852 reptem
1016 1791 1129 1850 decoctio,
1141 1789 1236 1838 emnem

134 1851 180 1898 eim
191 1858 284 1902 tratum
296 1854 387 1910 mulier,
403 1859 426 1902 et
436 1856 544 1902 concluso
554 1855 619 1902 intro
629 1856 731 1914 domum,
741 1869 793 1902 eum
802 1855 908 1904 reddidit
919 1855 998 1904 viliori
1013 1855 1096 1916 pretio.
1130 1854 1237 1904 numm

136 1915 220 1964 ltiiurb
229 1923 325 1980 propter
334 1919 467 1966 roderium
475 1917 558 1980 pretii,
571 1917 685 1972 Quimam
696 1918 787 1978 iibere,
794 1919 879 1979 morit,
889 1919 929 1981 qui
939 1919 1082 1968 tcutiemitl
1093 1919 1234 1978 metten,

136 1980 290 2042 dorrdudum,
300 1981 344 2042 uit,
353 1997 367 2028 o
377 1983 459 2042 stulte,
473 1981 593 2031 deseendit
603 1981 629 2030 ἐκ
640 1982 738 2042 dolium,
754 1987 781 2031 ut
792 1983 919 2043 diligenter
926 1984 1060 2046 exploraret
1070 1985 1119 2044 eJ'us
1128 1981 1236 2031 reliditu-

137 2047 195 2092 tem.
229 2045 280 2092 Nec
296 2046 338 2093 iile
348 2047 408 2094 mole
424 2047 544 2108 respoudit
560 2046 636 2094 verbio
647 2046 759 2108 mutiero,
777 2049 819 2096 sed
829 2062 928 2108 surgere
938 2047 992 2096 iude
1009 2053 1109 2110 promte,
1123 2045 1179 2096 Virr'
1191 2044 1236 2094 tibi

134 2120 218 2156 oerum
228 2109 313 2172 dicum,
324 2109 370 2170 uit,
381 2125 394 2156 o
404 2109 599 2168 materfamiliae?
615 2115 680 2158 tcum
691 2111 733 2159 hoc
741 2112 830 2160 dolium
840 2111 954 2161 crimmis
964 2117 1091 2174 vetustum,
1100 2113 1236 2172 etsrucium

597 2238 628 2257 Ν
628 2238 780 2258 ΙΙΙΙΙ

136 2334 164 2376 et
172 2328 285 2376 Vulcan.
297 2329 346 2378 Ed.
358 2343 409 2380 sec.
422 2334 451 2378 nt
460 2329 584 2380 exhibent
594 2331 673 2380 etiem
683 2332 799 2380 Floreat.
808 2328 895 2379 Guelf-
906 2337 1024 2394 uterque,
1036 2329 1122 2380 Oxou.
1132 2327 1236 2379 D'Orr.

136 2393 192 2440 Ine.
204 2401 232 2441 et
246 2394 317 2455 Lipe.
339 2407 386 2456 pro
405 2409 455 2458 quo
474 2393 636 2458 frequentius
654 2397 785 2458 redegeris
804 2395 908 2444 dicitur.
943 2396 983 2444 lto
1002 2395 1028 2443 iu
1048 2395 1119 2443 Pith.
1139 2395 1236 2442 ond.-

137 2457 324 2508 eluudPith.
350 2457 493 2522 Perpetem
506 2459 662 2510 EdFioridi
681 2461 896 2510 ceremoniarum
914 2459 999 2508 virum.
1033 2457 1234 2508 luendarum

137 2521 237 2584 aliquot
259 2535 339 2585 prave
359 2529 393 2574 ut.
411 2523 498 2573 Oxou.
516 2529 582 2574 notu.
605 2523 697 2574 id.—o
725 2527 846 2574 Corteete.
880 2525 946 2572 Fux.
967 2527 1085 2572 contente.
1112 2521 1237 2573 Roeidue.

138 2588 265 2634 Contenta.
293 2588 390 2650 Vulgo,
400 2594 513 2637 coniecto.
546 2589 590 2637 Sic
602 2603 680 2652 supra
691 2589 734 2638 lib.
746 2603 786 2638 ru.
804 2589 919 2646 ‘Parva
937 2587 984 2636 sed
1002 2589 1065 2636 sutis
1081 2587 1179 2635 munite
1190 2586 1236 2634 do·

137 2652 260 2698 mium-nia
271 2652 425 2702 contentae!
459 2651 517 2702 Hoc
534 2654 590 2716 ipso
606 2655 672 2703 libro
690 2652 756 2702 inire
771 2653 849 2701 etiam
866 2651 985 2702 restitui:
1003 2652 1095 2701 ‘Intra
1113 2651 1235 2700 terminos

137 2716 239 2777 pistrini
251 2717 407 2767 contemne!
438 2716 516 2780 Item,
534 2721 541 2746 ¹
559 2717 610 2766 Sed
630 2717 751 2767 frondoso
770 2718 864 2766 emulae
876 2722 1012 2766 comentur
1022 2716 1173 2766 umbraculo
1190 2715 1235 2764 de·

138 2779 229 2840 peret!
255 2779 353 2830 Arnob.
371 2781 416 2828 lib.
426 2795 445 2830 1.
460 2783 468 2808 ‘
481 2783 540 2832 Qum
560 2783 672 2831 iiuiversi
693 2783 805 2845 tegimur
824 2791 852 2831 et
869 2782 1031 2831 continemur
1040 2779 1151 2830 inclusi.'
1168 2780 1235 2828 Colo.

138 2843 194 2892 Pei.
206 2845 280 2893 Bert.
291 2853 319 2894 et
329 2846 402 2894 Rom.
415 2845 480 2896 Cod.
490 2852 603 2894 coniectu.
636 2847 714 2896 Haud
727 2861 800 2911 aeque
812 2846 889 2896 bene.
923 2845 1002 2894 Libro
1011 2858 1051 2895 iv.
1068 2846 1076 2873 ‘
1089 2845 1175 2893 Perre
1190 2843 1236 2892 do·

137 2911 258 2957 muncula
269 2917 406 2958 contentus
416 2909 431 2956 ι’
447 2917 473 2958 et
485 2911 526 2958 iric
539 2925 596 2958 nrox
609 2919 682 2974 post:
701 2914 708 2939 ‘
722 2911 797 2960 lutra
814 2911 938 2960 terminos
958 2909 1062 2973 pistrini
1078 2907 1236 2959 contentor.'

138 2973 248 3022 Elmerh.
282 2974 351 3022 Male
361 2975 390 3022 rb
400 2979 423 3022 ei
435 2975 523 3022 exulat
535 2976 567 3024 ab
580 2976 683 3025 D'Orv.
696 2976 754 3024 Pal.
764 2975 851 3025 Oxon.
864 2973 953 3024 Guelf.
963 2981 992 3023 et
1006 2973 1071 3022 Edd.
1081 2974 1193 3022 Wower.
1206 2985 1237 3021 ec

137 3036 209 3086 Prie.
238 3039 272 3086 Et
289 3051 377 3087 rursus
396 3039 473 3101 vaiet,
487 3047 514 3087 et
531 3041 644 3103 quidem,
664 3047 694 3088 ut
711 3039 815 3102 saepius.
847 3039 917 3088 Vide
927 3037 987 3087 Iud.
999 3039 1136 3088 Notarum.
1171 3038 1236 3085 Mox

136 3107 249 3150 contextu
259 3109 301 3152 ert
312 3103 337 3150 in
350 3104 415 3153 Exc.
426 3105 490 3152 meis
502 3103 630 3154 Pabcod.
641 3109 757 3152 contemtu
768 3105 794 3151 in
807 3102 895 3152 (lueis.
907 3117 960 3151 sec.
971 3105 1078 3150 emicet«
1087 3101 1114 3149 in
1125 3100 1195 3150 Pirh.
1208 3107 1237 3148 et

137 3165 205 3213 Edd.
218 3173 279 3214 ante
291 3164 364 3216 Colo.
376 3167 452 3216 obuio
464 3182 561 3218 errore.
581 3159 693 3218 0ud.-'-l
712 3169 749 3216 M.
763 3167 888 3216 distruxit.
905 3169 938 3215 A.
957 3164 984 3228 p'.
1017 3165 1131 3224 ibidem,
1143 3179 1175 3214 m.
1186 3165 1235 3212 dir-

137 3230 215 3276 troxr'i
226 3229 386 3280 additamento
402 3247 428 3294 p.
457 3233 508 3280 Mu.
518 3247 550 3281 m.
561 3235 585 3282 d.
597 3233 688 3282 aditam
700 3247 723 3295 p.
742 3231 810 3280 unde
823 3232 907 3280 iocum
919 3236 991 3278 recte
1003 3227 1076 3278 nobis
1088 3236 1236 3276 correctum

138 3301 268 3354 putamus.
287 3296 404 3344 Cela-2
420 3297 466 3345 Ait
477 3295 553 3345 abest
564 3297 596 3345 ab
608 3295 657 3346 Ed.
670 3297 730 3344 Bas.
749 3311 788 3358 pr.
809 3297 920 3344 Ouid—b
940 3295 1017 3343 Toeto
1031 3293 1120 3355 pretio.
1153 3293 1236 3341 Pretio

137 3372 189 3406 uou
209 3366 265 3406 erat
285 3357 311 3406 in
331 3361 451 3420 vulgatis.
470 3363 587 3410 Cela-d
604 3361 674 3410 Male
695 3360 762 3410 Edd.
781 3361 913 3424 pleraeque
927 3357 1043 3421 jungunt
1059 3357 1124 3406 Olim
1141 3356 1237 3420 inepte:

138 3437 196 3468 cum
217 3423 250 3470 sit
269 3423 444 3470 constructio:
464 3425 534 3469 Olim
553 3423 698 3474 descendit.
734 3421 792 3473 Hoc
808 3425 877 3472 enim
896 3423 1044 3469 adverbium
1063 3435 1138 3469 omne
1155 3436 1236 3481 genus

138 3485 265 3548 temporis
284 3486 402 3549 designat
421 3485 489 3549 apud
511 3485 629 3536 Comicus
646 3487 770 3550 aliosque.
790 3487 902 3534 ond-o
922 3485 985 3534 Firx.
1002 3499 1023 3532 s.
1038 3485 1236 3534 mcoatmtusd.

138 3551 184 3598 sed
197 3564 329 3614 superesse
342 3551 453 3601 videtur.
472 3549 608 3599 dauid-ti
625 3545 691 3600 uim.
709 3551 761 3600 liis.
779 3550 821 3599 Al.
840 3549 920 3599 rimis.
935 3547 1049 3598 coiriue.
1082 3547 1141 3597 Pei.
1155 3548 1238 3597 nimiis

634 3680 741 3731 NOTAE

169 3779 179 3804 ⁸
196 3771 257 3821 Ere
268 3777 325 3822 mtu
329 3770 387 3833 fcit.
404 3771 416 3836 [
418 3769 556 3834 fallacium]
575 3773 667 3835 melier,
708 3786 735 3821 re
753 3775 811 3820 aute
830 3773 905 3820 sonat
921 3767 971 3826 hio,
988 3767 1084 3818 subito.
1115 3766 1237 3818 Donatus

138 3847 193 3911 lya]
211 3848 256 3897 ilic
277 3849 344 3913 legit
375 3849 502 3910 Prieneus,
523 3861 668 3913 quenquam
710 3847 743 3897 ad
753 3847 867 3911 Adelph.
878 3845 948 3896 Actu
958 3859 982 3894 v.
992 3845 1068 3896 scen.
1078 3849 1102 3892 ³.
1119 3844 1236 3896 ‘Natum

140 3924 184 3972 eiii
201 3925 325 3988 habeant,
345 3925 369 3974 E
386 3941 413 3974 re
430 3931 488 3976 auto
501 3925 612 3988 foliacia,
628 3929 668 3990 isc.
709 3923 742 3973 de
759 3923 835 3973 rebus
854 3921 998 3986 repentinis
1013 3919 1136 3968 dicimur:
1153 3928 1183 3970 ut
1195 3935 1236 3970 ru·

140 3999 295 4051 commodus
313 4017 347 4051 ex
366 4009 476 4067 utraque
492 4001 604 4053 lectione
615 4015 671 4052 een·
709 4013 774 4064 pres
792 3999 832 4049 ‘E
852 4011 880 4047 re
901 4001 963 4046 neta
979 3995 1071 4045 melior
1092 3993 1149 4045 fieri
1166 3997 1236 4048 baud

139 4076 373 4141 sncsspotes'telici:
389 4077 436 4128 sed
455 4077 613 4129 commodior
631 4087 669 4128 tn·
709 4076 804 4144 potuit,
814 4088 890 4140 quum
900 4071 1057 4136 factumest,
1068 4070 1163 4123 bere.''

140 4167 200 4202 meu
211 4168 245 4204 ex
256 4154 301 4204 iliu
312 4155 409 4219 priore,
418 4169 493 4220 qoem
503 4155 612 4206 terreri.
647 4155 670 4203 Ε
