2922 4826
201 284 266 348 568
349 322 351 325 -
667 297 826 348 erutum

202 446 312 510 tutino
328 443 384 508 ille
399 445 442 510 ad
459 463 545 528 opus
559 449 774 528 susceptum¹
798 441 1035 525 proficiscitur,
1056 445 1171 510 statim
1196 446 1310 512 laten-¹

202 552 254 610 ter
274 546 388 628 irrepit
412 547 485 630 ejus
511 547 698 630 hospitium
724 547 918 610 temerarius
948 545 1087 610 adulter.
1129 545 1195 625 Ac,
1222 549 1304 612 dum

202 647 347 711 Veneris
363 648 659 712 colluctationibus
674 647 825 710 securius
848 659 1037 730 operantur,
1053 651 1194 713 maritus
1209 650 1306 731 igna-

203 768 261 836 rus
275 769 394 826 rerum,
411 769 452 813 ac
467 750 547 814 nihil
561 751 662 813 etiam
676 755 776 814 tunc²
799 749 868 812 tale
888 749 1081 830 suspicans,
1096 751 1302 834 improvisus

204 849 386 934 hospitium
401 853 534 933 repetit.
576 851 720 934 Jamque
742 850 869 914 clausis
892 855 925 914 ot
949 851 1136 914 obseratis³
1159 853 1303 930 foribus,

204 953 319 1016 uxoris
330 951 469 1016 laudata
484 953 698 1029 continentia,
703 952 844 1036 januam
855 951 978 1035 pulsat,
994 952 1094 1015 sibilo
1109 953 1306 1036 etiamprae-

206 1055 347 1117 sentiam
359 1073 452 1116 suam
463 1055 704 1119 denuntiante.4
723 1055 819 1118 Tunc
834 1052 1056 1134 mulier[l80]
1071 1053 1205 1129 callida,
1217 1053 1307 1118 etad

205 1154 399 1236 hujusmodi
411 1153 540 1238 flagitia
548 1157 770 1240 perastutula,
782 1155 1007 1220 tenacissimis
1019 1155 1230 1238 amplexibus
1245 1175 1308 1219 ex-

205 1254 356 1338 peditum
378 1257 556 1335 hominem,
579 1260 682 1332 dolio,
707 1259 797 1342 quod
820 1265 891 1322 erat
913 1258 947 1320 in
969 1258 1090 1338 angulo
1121 1258 1306 1321 semiobru-

207 1351 297 1432 tum,l
311 1356 371 1419 sed
387 1359 472 1422 alias
495 1379 649 1437 vacuum,
665 1360 912 1422 dissimulanter
927 1358 1128 1422 abscondit:
1151 1365 1195 1434 et,
1210 1364 1307 1441 pate·

206 1455 310 1522 factis
333 1457 474 1538 cedibus,
498 1460 628 1525 adhuc⁵
652 1461 876 1525 introeuntem
898 1461 1055 1524 maritum
1077 1457 1222 1542 aspero⁶
1238 1479 1307 1524 ser-

208 1640 239 1688 aa
249 1653 314 1700 opus,
325 1644 386 1704 quod
396 1648 536 1706 susceperat,
546 1643 638 1692 adulter
648 1644 715 1694 ualde
723 1646 803 1692 uuduu
812 1643 921 1706 protinus
931 1617 1072 1702 ripemunt
1083 1642 1212 1692 clanculum
1223 1641 1249 1690 in
1257 1641 1309 1702 ejus

208 1704 308 1753 demum.
338 1708 448 1769 Dumque
463 1707 548 1756 Veneri
556 1710 616 1756 daut
625 1722 717 1770 operum
727 1709 811 1770 ubsque
822 1713 893 1762 metu,
902 1708 1002 1755 inarime
1010 1710 1038 1754 de
1048 1707 1173 1768 improuiso
1183 1707 1309 1754 reuertitur

208 1769 311 1830 dunum,
321 1771 424 1818 nesciens
431 1771 487 1833 quid
494 1777 626 1832 gereretur,
633 1772 738 1834 nihilque
747 1773 867 1834 suspicitur
873 1772 958 1819 simile.
981 1771 1136 1833 Laudaturque
1143 1771 1311 1819 continentium

208 1837 258 1879 iure
269 1834 359 1888 numu,
368 1849 394 1881 eo
404 1837 464 1897 quod
480 1835 568 1884 uideret
579 1835 648 1894 sorec
659 1835 713 1894 jam
724 1836 815 1884 clausus
825 1841 894 1897 utque
901 1835 1028 1892 obseratur,
1036 1837 1119 1897 puiset
1130 1836 1224 1893 ostium,
1240 1835 1309 1882 sibilo

209 1897 280 1974 etium
291 1897 429 1974 significuus
445 1902 569 1975 scuderae.
604 1901 668 1976 lfunc
677 1901 762 1976 mulier
771 1904 860 1975 actutu,
876 1904 900 1946 et
911 1899 1063 1946 solertissimo
1073 1901 1105 1946 ad
1123 1899 1182 1946 tulin
1199 1898 1309 1972 crimino,

209 1961 552 2089 ttttttttuttttt
563 1964 983 2088 titttttttttduttt
993 1962 1225 2088 ttuttltttt
1235 1962 1311 2085 itit:

211 2087 318 2150 objurga
333 2090 405 2138 etium
422 2091 550 2140 intrumem
561 2093 637 2140 cirtem
649 2092 725 2140 uerbis
738 2089 896 2152 grauioribus,
939 2090 1017 2151 Itane,
1035 2089 1122 2154 inquit,
1141 2090 1233 2140 incedes
1251 2089 1312 2138 mihi

214 2337 268 2387 Cic.
281 2337 308 2386 in
319 2337 408 2386 Pison.
425 2337 517 2389 ‘Nihil
538 2347 578 2389 est
597 2339 646 2388 isto
665 2338 800 2401 posterius,
818 2338 882 2388 nihil
903 2335 1019 2403 aquius.¹
1052 2339 1086 2386 Et
1103 2351 1149 2400 pro
1161 2338 1221 2388 Sex.
1232 2338 1313 2388 Rosa.

213 2402 270 2452 ‘Ut
282 2403 403 2464 postremi
420 2403 536 2452 homines
549 2404 639 2452 alienis
651 2403 767 2466 pecuniis
780 2401 1018 2465 locupletarentur!
1052 2403 1165 2451 Pacatus
1177 2403 1312 2466 Panegyr-

213 2467 221 2493 ‘
232 2463 353 2516 Omnium
364 2468 499 2526 scelerum,
517 2475 755 2530 postremorumque
765 2467 900 2516 vitiorum!
934 2469 973 2516 Ex
985 2481 1035 2530 quo
1044 2467 1183 2528 intelligas,
1192 2465 1247 2515 falli
1258 2481 1314 2528 eos,

213 2531 257 2594 qui
269 2539 369 2586 mutare
380 2532 469 2580 volunt
480 2533 536 2580 haec
548 2533 592 2581 lib.
605 2546 648 2581 ut.
660 2547 718 2594 pag.
731 2535 772 2579 43.
789 2532 888 2587 ‘Tune
907 2532 1006 2591 ultima,
1018 2545 1066 2579 non
1078 2530 1188 2582 cessasi’
1203 2538 1232 2580 ut
1243 2531 1315 2592 lega-

214 2595 377 2652 turscilicet,
396 2597 586 2652 Tune,'milcino.
621 2597 688 2644 Num
706 2602 746 2642 est
762 2609 822 2658 pag.
842 2600 897 2645 153.
915 2596 1029 2644 ‘Ultima
1048 2596 1151 2658 pistoris
1169 2596 1213 2644 illa
1230 2593 1315 2645 tutor!

213 2658 341 2721 Scioppiu
354 2659 432 2722 Sqmb.
454 2660 587 2708 Postrema.
603 2661 675 2708 Bert.
688 2657 945 2720 milidunensium,
962 2660 1029 2723 quod
1045 2659 1151 2721 perinde
1167 2667 1216 2717 est,
1229 2667 1258 2708 nt
1269 2659 1314 2707 alii

210 2723 267 2784 jorn
277 2722 457 2772 observarunt.
468 2725 575 2773 Elmeuh.
603 2725 663 2772 Non
677 2723 736 2772 htdt
748 2722 798 2772 Ed.
810 2723 854 2770 sed
867 2725 918 2771 Me.
932 2723 1017 2771 Palat.
1028 2723 1107 2772 habet
1117 2728 1232 2781 extrema,
1244 2723 1315 2788 quod

214 2799 308 2848 nempe
321 2787 380 2836 olim
393 2787 471 2850 magis
484 2788 617 2850 placuerat
630 2788 752 2850 Scioppio
764 2787 839 2849 Susp.
851 2787 895 2834 lib.
908 2800 930 2835 v.
939 2791 980 2835 23.
999 2787 1049 2834 Sed
1062 2788 1127 2836 bene
1137 2788 1315 2836 mutaviteen·

215 2851 332 2900 tentiam.
365 2851 432 2899 Vide
445 2853 560 2900 Elmenh.
574 2851 699 2900 Iudicem.
725 2849 798 2899 Infra
810 2865 835 2913 p.
847 2855 905 2899 2⁰1.
920 2849 1046 2912 ‘Magnas
1063 2858 1091 2900 et
1109 2858 1251 2914 postremas
1268 2851 1315 2900 do-

214 2914 284 2962 mino
295 2915 382 2964 clades
395 2917 568 2964 annuntians.’
585 2917 696 2964 oud—1
715 2916 756 2962 Ad
773 2929 830 2977 opus
847 2929 907 2963 susc.
923 2915 995 2974 Siue,
1013 2915 1082 2978 quod
1094 2915 1120 2962 in
1132 2921 1316 2978 conceperat,

215 2993 247 3026 eo
259 2979 413 3028 conductus.
443 2981 499 3028 Nec
511 2987 602 3029 contra
613 2981 675 3028 Mss.
688 2979 849 3042 participium
862 2979 920 3026 ltine
932 2979 1112 3028 eliminandum
1125 2985 1175 3039 est,
1187 2994 1245 3028 cum
1257 2980 1316 3028 Pri-

216 3056 279 3092 ceeo.
291 3043 379 3092 Id.—2
392 3045 553 3093 Etiamnunc.
573 3045 648 3108 Vulg.
661 3046 801 3093 etiamtum.
818 3043 891 3092 Colv.
909 3043 1026 3092 Colvium
1038 3043 1122 3092 sertui
1134 3045 1314 3093 suntWower.

215 3106 325 3155 etPrlc.
359 3109 417 3158 Nec
429 3109 504 3170 male,
523 3109 545 3156 si
564 3109 628 3158 Mss.
641 3107 803 3156 addicerent.
838 3107 905 3155 Vide
918 3107 949 3154 ad
970 3107 1120 3156 Suetonium
1141 3108 1204 3157 our.
1216 3123 1239 3156 c.
1251 3111 1275 3155 9.
1287 3115 1316 3156 et

215 3171 287 3220 alibi.
313 3172 344 3220 P.
356 3177 412 3222 184.
430 3176 437 3200 ‘
448 3174 558 3222 Securus
569 3174 647 3222 etiam
659 3171 745 3220 nuuc!
772 3170 822 3221 Sed
835 3172 899 3218 Mea.
910 3179 937 3218 et
948 3170 1014 3219 Edd.
1026 3172 1101 3220 Vulc.
1112 3174 1160 3222 dcc.
1170 3173 1232 3220 dant
1243 3172 1316 3220 etium

216 3241 281 3284 tunc.
306 3235 338 3283 In
351 3237 422 3286 Pitlr.
434 3238 506 3286 etiam
515 3253 577 3285 cum.
600 3237 631 3284 ln
644 3237 709 3283 Fux.
721 3242 748 3282 et
761 3235 827 3282 Edd.
839 3235 913 3283 Vett.
933 3243 973 3282 est
989 3235 1061 3283 etiam
1078 3241 1136 3284 tum.
1161 3235 1315 3284 Gulielmius

216 3312 264 3360 pro
275 3300 323 3346 tute
334 3301 437 3348 volebat
448 3301 505 3348 inuit
524 3315 540 3348 e
556 3300 690 3348 Terentio.
710 3299 823 3346 ond-a
839 3299 887 3346 Ed.
906 3299 967 3346 Ber.
987 3299 1054 3348 male
1072 3298 1209 3348 obarmatis.
1226 3300 1316 3350 Itu-4

217 3360 305 3410 Guelf.
327 3376 366 3424 pr.
384 3365 551 3420 denuntiando,
570 3362 632 3412 Atd.
653 3362 802 3422 denuntiant,
820 3361 893 3412 Junt.
912 3371 978 3424 post.
996 3364 1129 3423 denuntiat,
1146 3363 1214 3424 quod
1230 3372 1258 3412 et
1276 3365 1316 3412 vir
1365 3369 1368 3378 ’

217 3425 310 3474 doctus
324 3425 417 3489 (Toll.)
437 3428 547 3488 margini
566 3427 664 3474 allevit.
699 3427 751 3474 Sed
764 3427 823 3474 uide
835 3427 867 3473 ad
879 3426 925 3472 lib.
939 3430 1110 3487 v111.p.180.
1128 3427 1175 3474 Ed.
1189 3427 1258 3478 Prie.
1276 3429 1316 3480 Id.

217 3493 264 3538 -5
282 3487 410 3539 D'Orvill
421 3492 452 3538 ud
462 3490 512 3538 me.
530 3489 621 3539 ld-o
638 3490 712 3540 Bert.
727 3494 832 3538 esserto:
849 3503 899 3537 non
912 3488 987 3539 hene.
1006 3491 1115 3540 Etmenh.
1132 3490 1200 3544 uod.
1210 3492 1316 3544 Vicent.

713 3632 823 3684 NOTAE

250 3733 256 3766 ¹
273 3735 304 3782 In
314 3735 400 3794 emto
414 3733 592 3796 semiobrutum]
609 3733 678 3794 Plio.
698 3732 744 3783 lib.
785 3732 931 3794 expositis!
964 3732 1060 3781 Paulus
1081 3733 1149 3796 Lege
1167 3717 1264 3786 nxxvr'.
1288 3735 1316 3786 ff.

219 3825 278 3860 xtv.
291 3825 348 3872 cap.
360 3814 401 3858 at.
419 3809 556 3857 ‘Mitiores
575 3809 658 3870 plagae
670 3807 744 3856 doliis
786 3809 819 3857 de
830 3808 1007 3857 contrahenda
1026 3809 1139 3858 emtione
1159 3816 1187 3859 et
1205 3811 1318 3861 venditi·

219 3885 335 3940 condunt
350 3883 463 3947 [vinum]
475 3882 655 3946 infodiuntque
666 3888 743 3940 terrre
786 3899 851 3934 one:
870 3885 966 3934 ‘Delia
987 3885 1015 3933 in
1036 3885 1135 3936 horreis
1162 3885 1282 3951 deformi„
1294 3889 1317 3937 sl

220 3967 285 4021 tota,
306 3967 350 4010 aut
370 3959 402 4008 ad
425 3959 571 4024 portionem
593 3957 676 4010 situs!
709 3959 745 4014 Et
785 3975 836 4018 non
847 3967 907 4010 snut
918 3959 1100 4010 nominatimin
1111 3960 1260 4010 venditione
1272 3977 1319 4012 ex·

218 4040 296 4106 paulo
311 4036 392 4090 intra:
409 4039 558 4096 ‘Inbecilla
575 4037 634 4086 vius
652 4037 745 4086 demis·
786 4043 873 4098 cepta,
890 4037 1040 4088 horreorum
1054 4036 1197 4088 venditioni
1208 4038 1317 4098 cessisse

218 4117 252 4168 rie
271 4115 299 4166 in
315 4121 410 4164 terram
421 4113 496 4164 doliis
510 4114 644 4178 servanda,
661 4113 745 4176 ualida
786 4111 886 4169 videri.'
