2922 4826
202 339 268 406 eto
370 397 374 404 .
668 353 824 404 trunam

133 533 136 542 ι
203 497 342 562 debant:
366 498 493 580 quippe
507 498 655 562 cervices
670 496 816 569 hostium
834 496 920 580 jugo
942 498 1139 574 subacturi,e
1162 502 1196 561 et
1210 519 1301 581 proe·

202 599 280 662 darn
309 599 350 662 de
375 597 503 682 rapinis
524 599 722 663 uberrimam
750 598 1025 682 fructuosamque
1053 601 1197 681 capturi.
1242 599 1302 664 Ad

202 703 302 764 istum
315 700 460 778 modum,
469 701 681 766 divinationis
692 699 765 783 ejus
781 709 860 764 astu
875 701 1029 784 captioso
1045 708 1302 766 οοιιιιιιιοιιιιιῐ9

201 819 398 884 nonparvas
413 801 583 884 pecunias·
628 801 694 864 Sed
711 801 855 866 assiduis
869 801 1192 884 interrogationibus
1204 821 1302 884 argu-

203 903 306 966 menti
326 904 480 966 satietate
498 903 571 985 jam
594 899 772 980 delecti,¹f
790 923 917 968 rursum
940 903 984 966 ad
1011 903 1102 968 viam
1126 903 1302 985 prodeunt,

204 1004 304 1080 viam,
340 1009 412 1069 tota
448 1024 547 1086 quam
581 1013 682 1069 nocte
718 1005 970 1069 confeceramus
1009 1003 1107 1084 longe
1143 1004 1302 1087 pejorem.

204 1104 375 1182 Quidnit²
397 1106 566 1172 lacunosis
580 1109 759 1172 incilibns³
782 1108 1044 1188 voraginosam,g
1065 1104 1187 1190 partim
1210 1110 1304 1186 stag-

202 1289 341 1366 prcmismm
359 1304 408 1339 esse
425 1289 549 1338 victorium
567 1290 807 1353 praetermeantis,
823 1292 882 1340 collo
897 1305 977 1352 sempe
993 1289 1095 1339 nonium
1112 1287 1207 1336 missum
1218 1286 1304 1350 iriwsub

198 1369 294 1416 jugum,
312 1357 336 1402 et
352 1355 465 1416 optimam
482 1358 588 1417 medam
603 1359 749 1417 reportatum
760 1356 792 1403 iri
809 1370 839 1402 es
856 1355 994 1403 latrociniis
1004 1355 1140 1417 premerem
1149 1352 1304 1401 devictorum.

205 1418 261 1464 Hoc
271 1419 336 1465 medo
346 1423 492 1465 corraserant
504 1421 609 1479 pecnnia
619 1435 664 1466 non
678 1435 763 1479 parem
771 1419 850 1466 dolorm
860 1420 951 1468 astutio
960 1419 1027 1467 illins
1037 1415 1221 1467 vaticinationis.
1255 1415 1306 1464 Sed

202 1481 314 1529 esbnnsti
323 1480 441 1542 perpetuis
451 1481 626 1542 questionibus,
642 1485 666 1528 et
681 1483 758 1529 eodem
768 1496 978 1544 semperrssponso
987 1483 1074 1541 dando,
1085 1495 1134 1530 sese
1145 1481 1231 1529 iterum
1242 1491 1305 1527 eom·

204 1545 303 1592 mittunt
313 1544 358 1592 nioe
369 1546 440 1592 malm
450 1544 563 1592 deteriori
574 1544 678 1592 totnilbr
688 1545 736 1606 aia,
751 1560 820 1607 qnam
830 1545 1046 1604 emensisneramns
1057 1550 1132 1593 nocte.
1167 1544 1229 1591 Erat
1240 1544 1306 1591 enim

198 1609 273 1668 sessis
282 1607 407 1670 profundis
416 1613 440 1656 et
456 1607 609 1669 oomginibns
626 1608 770 1672 interrupte,
786 1609 878 1671 partim
896 1611 987 1674 repleto
1004 1611 1072 1674 aquis
1087 1606 1263 1670 stagnantibus,
1278 1611 1306 1655 et

206 1853 236 1899 nt
255 1854 283 1899 et
300 1849 376 1912 psnlo
393 1857 452 1912 post
470 1863 517 1911 pro
530 1849 614 1899 mosim
632 1851 756 1911 relr'gr'onis
775 1851 897 1900 antistites
915 1851 979 1913 legit
994 1849 1072 1912 idem,
1085 1837 1207 1899 'interstat
1224 1850 1311 1898 Bratt-

207 1915 268 1963 tins.
285 1913 413 1962 Addictum
425 1914 536 1977 sortipr.
555 1915 617 1962 Par.
636 1917 751 1964 additam.
770 1915 811 1963 An
818 1916 895 1973 sortis
907 1930 964 1964 cnm
974 1915 1026 1963 Μι.
1046 1929 1094 1976 pro
1114 1911 1207 1962 sortis?
1223 1914 1309 1961 Wass.

206 1981 256 2025 -9
271 1978 386 2040 vulgati,
401 1984 555 2027 corraserant.
575 1979 690 2027 Colvius.
707 1980 781 2028 Rom.
803 1979 864 2027 Ald.
884 1986 911 2027 et
923 1979 996 2026 Bert.
1012 1981 1170 2038 corroserunt,
1186 1976 1306 2026 Elmenb.

206 2046 251 2090 —l
271 2042 376 2102 Argenti
387 2057 409 2090 s.
422 2043 476 2102 jum
487 2043 534 2102 diff.
553 2043 618 2091 an.
634 2043 769 2103 argumenti
782 2044 878 2091 satiate.
912 2043 978 2093 Qnae
998 2041 1079 2090 lectio
1097 2041 1202 2088 nimium
1224 2054 1307 2104 qnan-

206 2113 260 2152 tmn
280 2106 386 2154 arridet.
420 2106 608 2168 Argumentum
630 2113 688 2154 erat
705 2119 760 2154 sors
780 2107 826 2154 illa
838 2105 915 2155 toties
927 2111 1029 2154 vexata.
1061 2105 1125 2154 Ideo
1140 2106 1261 2154 satietate
1277 2110 1309 2152 et

206 2167 314 2217 fastidio
324 2169 390 2216 vilis.
423 2169 542 2218 ‘Satias'
559 2177 646 2218 autern
656 2184 714 2232 pro,
729 2170 846 2231 satietas,
858 2169 998 2232 antiquitus
1006 2169 1129 2218 obtinuit.
1147 2169 1234 2217 Roold.
1257 2167 1308 2217 Ar-

206 2231 315 2293 grtmenti
330 2232 449 2280 satiante.
482 2233 526 2280 stc
544 2240 696 2282 nosterret.
731 2233 801 2282 Ante
814 2233 889 2293 editi,
905 2233 1002 2296 argenti
1011 2233 1130 2283 sotietate.
1162 2231 1309 2281 Retnlerinr

206 2295 240 2342 sd
252 2295 323 2343 uaria
334 2309 419 2343 rerum
429 2304 590 2358 arguments,
607 2298 640 2345 de
651 2295 744 2408 pnibns
754 2298 906 2346 divinabant
920 2297 1086 2361 impurissimi
1098 2297 1136 2346 illi
1148 2297 1305 2346 sacerdotes.

211 2361 277 2407 Coto.
310 2358 512 2422 ,tenimentis-j.
523 2359 618 2419 defecti.
668 2368 693 2410 ta
705 2363 822 2424 reposuit
835 2363 946 2418 Colrlns.
964 2377 1022 2410 curn
1041 2369 1102 2410 ente
1121 2363 1251 2422 legeretur
1266 2374 1308 2407 or-

206 2424 284 2484 genti.
317 2423 424 2484 Defecti,
441 2423 600 2488 ἀπειρηκότες.
633 2426 783 2487 Petronius,
799 2427 933 2475 ‘Lucerna
948 2427 1055 2475 humore
1071 2423 1193 2475 defectat
1212 2426 1311 2476 Quam·

206 2485 300 2536 'risalii
311 2487 370 2536 libri
380 2489 489 2538 babeant
502 2489 594 2550 resecti.
627 2489 684 2552 Ego
697 2491 814 2552 suspicor
826 2491 980 2552 legendnm:
997 2490 1046 2538 Sed
1060 2490 1132 2538 arsid.
1151 2491 1197 2538 int.
1211 2487 1312 2551 argenti

162 2584 164 2588 .
208 2551 281 2600 etiam
298 2552 409 2601 satietate
427 2552 522 2612 defessi.
557 2553 666 2603 Cicero:
686 2553 865 2618 ‘Deiatigatus
874 2556 977 2604 auditor
989 2553 1161 2602 similitudinis
1170 2550 1312 2604 satietate!

208 2614 281 2663 Idem
290 2615 335 2680 (ιι.
343 2616 375 2664 ad
387 2617 416 2665 F.
429 2616 481 2680 t.):
500 2618 602 2666 ‘Nemo
614 2624 664 2678 est,
698 2619 742 2667 nin
751 2621 872 2668 satietate
879 2620 935 2682 jam
943 2617 1062 2667 defessus
1073 2617 1122 2667 sit'
1155 2615 1311 2678 Mounijsnr

210 2679 236 2727 in
247 2679 396 2741 Pbaedrurn,
413 2680 528 2744 itemque
539 2681 625 2730 libello
636 2682 669 2730 de
679 2634 744 2731 λιιι
756 2684 864 2744 Criticn,
880 2684 984 2743 descetus
994 2695 1063 2744 seips
1080 2681 1203 2743 scriptum
1217 2679 1311 2742 tuisse,

209 2756 258 2806 pro
270 2743 380 2805 defessus,
392 2749 419 2792 et
430 2755 529 2793 contra.
563 2745 609 2805 Iis,
626 2747 719 2808 quibus
731 2749 779 2795 hoc
789 2748 892 2795 nomine
910 2744 1101 2808 reprehendere
1115 2759 1155 2792 rne
1165 2743 1245 2791 risum
1256 2750 1312 2804 est,

209 2807 260 2856 erit
279 2819 338 2857 cunr
358 2808 531 2872 respondebo.
555 2809 650 2873 Scicpp.
668 2811 694 2860 in
712 2811 795 2874 Symb.
815 2813 888 2861 Bert.
911 2809 1014 2872 argenti.
1034 2807 1202 2857 almeon-a
1219 2806 1311 2870 Scipio

209 3045 225 3080 a
246 3029 391 3081 stewechio
413 3037 441 3082 et
461 3031 552 3082 Golrio
573 3031 737 3084 emendatum
777 3035 923 3100 pretatione
935 3031 1177 3096 secutussnm,nec
1191 3029 1311 3080 dubitavi

209 3114 259 3169 est,
281 3104 311 3158 ut
338 3109 434 3158 excudi
461 3109 615 3159 curavimus.
647 3110 738 3160 Addico
778 3113 893 3162 inserere
910 3113 1004 3174 textui,
1016 3109 1083 3174 quod
1096 3123 1197 3159 sensum
1215 3108 1310 3171 planis·

209 3173 393 3246 ‚emmetrt'bnn
779 3188 871 3235 simunt
883 3185 986 3253 efficiat.

240 3261 648 3324 etirsippeceruiceslustinmjngo
658 3262 739 3310 saboc-
812 3259 978 3321 ‘Argnmmti
1003 3258 1113 3308 satietate
1134 3257 1189 3318 jam
1210 3257 1311 3319 desecti]

208 3334 267 3395 insi,
277 3335 331 3396 tra]
346 3334 388 3384 Ad
397 3337 459 3398 qnid
471 3335 562 3384 referri
575 3335 674 3398 possint
685 3337 741 3384 ltaec
781 3336 889 3386 Sensum
912 3335 989 3398 bnjns
1007 3335 1127 3383 lectionis
1146 3334 1263 3396 expressi
1284 3335 1311 3381 in

209 3408 577 3472 verbambocturietesptnril
608 3410 741 3459 Pntonon
781 3410 1007 3473 interpretatione.
1042 3407 1078 3452 At
1096 3408 1121 3452 ln
1141 3406 1244 3456 Berlin.
1260 3407 1311 3456 Co·

210 3493 267 3531 esse
285 3483 411 3530 sinceram
432 3483 578 3534 lecttonem,
593 3483 639 3526 sed
658 3483 741 3542 primo
781 3485 840 3530 dire
851 3492 880 3530 et
892 3486 980 3529 vetere
992 3479 1132 3529 Visentius
1148 3480 1262 3532 editione
1274 3484 1311 3532 le-

211 3558 262 3608 scri
266 3564 338 3621 ptum
350 3569 408 3606 esse
419 3554 517 3603 subactis
527 3555 569 3617 iri,
580 3561 608 3603 et
618 3559 689 3618 copto
699 3555 739 3619 iri,
782 3559 852 3624 gitur
862 3557 958 3619 argenti
970 3558 1089 3620 satietate,
1100 3571 1151 3606 non
1161 3562 1311 3621 argumentis

210 3633 292 3683 titulis
308 3645 388 3693 snpra
404 3644 421 3677 ιι
436 3630 492 3679 loco
508 3630 591 3679 literar
602 3645 627 3678 m
640 3629 740 3694 positis,
782 3647 858 3697 qnam
869 3633 1005 3683 lectionem
1022 3632 1043 3680 si
1053 3633 1125 3697 sequi
1137 3633 1311 3700 velimus,pro

121 3730 124 3734 ·
210 3716 241 3758 ut
251 3722 320 3771 saepe
332 3706 362 3755 tit
374 3705 521 3769 compendii
532 3721 619 3755 causa.
644 3707 741 3756 Postea
780 3709 867 3769 defecti
877 3707 1154 3771 legendnmdesessi,nt
1166 3725 1255 3760 sensns
1265 3713 1311 3776 sit,

210 3783 294 3847 ignari
322 3780 497 3844 exscriptores
536 3782 634 3830 omissis
659 3782 741 3832 titulis
782 3799 825 3834 eos
837 3785 937 3848 argenti
949 3789 1047 3833 tanturn
1057 3787 1195 3836 corrasisse
1206 3787 1257 3836 suis
1268 3803 1312 3836 va·

210 3859 371 3922 scripserunt
385 3857 515 3905 subactuiri
525 3863 553 3906 et
562 3857 672 3920 enptnisi,
683 3873 741 3922 qnae
782 3859 987 3916 ticinatiouibus,
1007 3866 1036 3909 nt
1050 3861 1105 3923 jam
1127 3861 1189 3910 illud
1211 3861 1312 3914 fastidi·

211 3935 294 3984 verbe
305 3934 377 3984 scioli
389 3933 469 3998 aliqui
487 3933 625 3983 emendare
637 3935 742 3997 cupieu·
783 3945 850 3986 rent.
868 3937 912 3986 Sic
924 3936 971 3984 lib.
981 3949 1023 3984 nt·
1034 3935 1067 3984 de
1078 3937 1219 3986 latronibus
1228 3937 1311 3988 disits

197 4018 260 4074 'tes‚
269 4016 360 4074 utpote
371 4025 421 4058 non
440 4010 543 4069 Latina,
555 4010 657 4059 sublato
673 4011 691 4071 i,
703 4025 742 4059 re·
782 4011 956 4075 ‘Opnlentire
977 4011 1062 4059 nimiae
1081 4011 1159 4061 nlntio
1174 4013 1206 4061 ad
1225 4018 1313 4062 extre·

212 4079 354 4152 posuerunt
364 4085 486 4135 subnmnri
497 4093 527 4136 et
540 4085 642 4150 captari.
675 4083 742 4134 Haec
783 4100 838 4137 mas
849 4093 930 4136 metes
942 4084 1060 4135 redacti!

213 4179 270 4215 mes
290 4164 440 4229 conjectura
459 4170 508 4230 est,
528 4179 604 4229 quarn
620 4165 647 4213 in
664 4165 742 4214 inter·
814 4163 975 4213 tbocunosis
1000 4161 1110 4213 incilibus
1136 4164 1312 4228 emesinorum]
