<?xml version="1.0" encoding="UTF-8"?>
<!DOCTYPE html PUBLIC "-//W3C//DTD XHTML 1.0 Transitional//EN"
    "http://www.w3.org/TR/xhtml1/DTD/xhtml1-transitional.dtd">
<html xmlns="http://www.w3.org/1999/xhtml" xml:lang="en" lang="en">
 <head>
  <title>
</title>
<meta http-equiv="Content-Type" content="text/html;charset=utf-8" />
  <meta name='ocr-system' content='tesseract 3.04.00' />
  <meta name='ocr-capabilities' content='ocr_page ocr_carea ocr_par ocr_line ocrx_word'/>
</head>
<body>
  <div class='ocr_page' id='page_1' title='image "apuleiioperaomn09apulgoog_0012.png"; bbox 0 0 2922 4826; ppageno 0'>
   <div class='ocr_carea' id='block_1_1' title="bbox 404 341 1218 409">
    <p class='ocr_par' dir='ltr' id='par_1_1' title="bbox 404 341 1218 409">
     <span class='ocr_line' id='line_1_1' title="bbox 404 341 1218 409; baseline 0.015 -12"><span class='ocrx_word' id='word_1_1' title='bbox 404 347 762 402; x_wconf 79' lang='lat' dir='ltr'><strong>rrursrroeeuosuou</strong></span> <span class='ocrx_word' id='word_1_2' title='bbox 788 353 862 402; x_wconf 83' lang='lat' dir='ltr'><strong>nra.</strong></span> <span class='ocrx_word' id='word_1_3' title='bbox 885 356 941 404; x_wconf 85' lang='lat' dir='ltr'><strong>rx.</strong></span> <span class='ocrx_word' id='word_1_4' title='bbox 1152 341 1218 409; x_wconf 75' lang='lat' dir='ltr'><strong>eol</strong></span> 
     </span>
    </p>
   </div>
   <div class='ocr_carea' id='block_1_2' title="bbox 77 493 1291 1696">
    <p class='ocr_par' dir='ltr' id='par_1_2' title="bbox 77 493 1291 1696">
     <span class='ocr_line' id='line_1_2' title="bbox 115 493 1217 584; baseline 0.004 -20"><span class='ocrx_word' id='word_1_5' title='bbox 115 513 227 564; x_wconf 75' lang='lat' dir='ltr'><strong>terum</strong></span> <span class='ocrx_word' id='word_1_6' title='bbox 247 500 434 578; x_wconf 84' lang='lat' dir='ltr'><strong>apparatus</strong></span> <span class='ocrx_word' id='word_1_7' title='bbox 455 495 545 580; x_wconf 78' lang='grc'>[177]</span> <span class='ocrx_word' id='word_1_8' title='bbox 568 493 696 574; x_wconf 87' lang='lat' dir='ltr'><strong>cibarii,</strong></span> <span class='ocrx_word' id='word_1_9' title='bbox 718 515 854 563; x_wconf 84' lang='lat' dir='ltr'><strong>mensas</strong></span> <span class='ocrx_word' id='word_1_10' title='bbox 872 498 985 578; x_wconf 87' lang='lat' dir='ltr'><strong>etiam,</strong></span> <span class='ocrx_word' id='word_1_11' title='bbox 1002 515 1022 562; x_wconf 81' lang='lat' dir='ltr'><strong>e</strong></span> <span class='ocrx_word' id='word_1_12' title='bbox 1037 498 1086 564; x_wconf 88' lang='lat' dir='ltr'><strong>tid</strong></span> <span class='ocrx_word' id='word_1_13' title='bbox 1100 517 1217 584; x_wconf 82' lang='lat' dir='ltr'><strong>genus,</strong></span> 
     </span>
     <span class='ocr_line' id='line_1_3' title="bbox 117 597 1216 682; baseline 0.007 -22"><span class='ocrx_word' id='word_1_14' title='bbox 117 598 268 680; x_wconf 84' lang='lat' dir='ltr'><strong>impetu⁹</strong></span> <span class='ocrx_word' id='word_1_15' title='bbox 293 616 369 661; x_wconf 92' lang='lat' dir='ltr'><strong>meo</strong></span> <span class='ocrx_word' id='word_1_16' title='bbox 393 597 519 662; x_wconf 90' lang='lat' dir='ltr'><strong>collido</strong></span> <span class='ocrx_word' id='word_1_17' title='bbox 535 603 635 682; x_wconf 88' lang='lat' dir='ltr'><strong>atque</strong></span> <span class='ocrx_word' id='word_1_18' title='bbox 650 599 813 665; x_wconf 86' lang='lat' dir='ltr'><strong>disturba.</strong></span> <span class='ocrx_word' id='word_1_19' title='bbox 859 599 939 680; x_wconf 84' lang='lat' dir='ltr'><strong>Qua</strong></span> <span class='ocrx_word' id='word_1_20' title='bbox 954 617 1061 665; x_wconf 83' lang='lat' dir='ltr'><strong>rerum</strong></span> <span class='ocrx_word' id='word_1_21' title='bbox 1076 603 1216 668; x_wconf 80' lang='lat' dir='ltr'><strong>deformi</strong></span> 
     </span>
     <span class='ocr_line' id='line_1_4' title="bbox 119 699 1217 787; baseline 0.006 -25"><span class='ocrx_word' id='word_1_22' title='bbox 119 703 227 780; x_wconf 82' lang='lat' dir='ltr'><strong>strage</strong></span> <span class='ocrx_word' id='word_1_23' title='bbox 248 699 492 780; x_wconf 80' lang='lat' dir='ltr'><strong>paterfamilias</strong></span> <span class='ocrx_word' id='word_1_24' title='bbox 514 707 714 778; x_wconf 88' lang='lat' dir='ltr'><strong>commotus,</strong></span> <span class='ocrx_word' id='word_1_25' title='bbox 732 707 769 764; x_wconf 91' lang='lat' dir='ltr'><strong>ut</strong></span> <span class='ocrx_word' id='word_1_26' title='bbox 784 703 1008 786; x_wconf 86' lang='lat' dir='ltr'><strong>importunum</strong></span> <span class='ocrx_word' id='word_1_27' title='bbox 1030 707 1133 787; x_wconf 89' lang='lat' dir='ltr'><strong>atque</strong></span> <span class='ocrx_word' id='word_1_28' title='bbox 1147 705 1217 769; x_wconf 88' lang='lat' dir='ltr'><strong>lss·</strong></span> 
     </span>
     <span class='ocr_line' id='line_1_5' title="bbox 119 799 1216 889; baseline 0.008 -27"><span class='ocrx_word' id='word_1_29' title='bbox 119 799 257 876; x_wconf 84' lang='lat' dir='ltr'><strong>oivnm,¹</strong></span> <span class='ocrx_word' id='word_1_30' title='bbox 272 819 326 862; x_wconf 91' lang='lat' dir='ltr'><strong>me</strong></span> <span class='ocrx_word' id='word_1_31' title='bbox 350 801 485 864; x_wconf 87' lang='lat' dir='ltr'><strong>cuidam</strong></span> <span class='ocrx_word' id='word_1_32' title='bbox 505 800 630 870; x_wconf 87' lang='lat' dir='ltr'><strong>famulo</strong></span> <span class='ocrx_word' id='word_1_33' title='bbox 653 803 784 868; x_wconf 89' lang='lat' dir='ltr'><strong>curiose</strong></span> <span class='ocrx_word' id='word_1_34' title='bbox 807 803 973 882; x_wconf 76' lang='lat' dir='ltr'><strong>uaditum,</strong></span> <span class='ocrx_word' id='word_1_35' title='bbox 991 810 1081 868; x_wconf 89' lang='lat' dir='ltr'><strong>certo</strong></span> <span class='ocrx_word' id='word_1_36' title='bbox 1102 806 1216 889; x_wconf 89' lang='lat' dir='ltr'><strong>aliquo</strong></span> 
     </span>
     <span class='ocr_line' id='line_1_6' title="bbox 118 900 1220 990; baseline 0.007 -27"><span class='ocrx_word' id='word_1_37' title='bbox 118 900 222 964; x_wconf 85' lang='lat' dir='ltr'><strong>loco²</strong></span> <span class='ocrx_word' id='word_1_38' title='bbox 237 901 392 965; x_wconf 87' lang='lat' dir='ltr'><strong>clausum</strong></span> <span class='ocrx_word' id='word_1_39' title='bbox 402 901 509 985; x_wconf 90' lang='lat' dir='ltr'><strong>jussit</strong></span> <span class='ocrx_word' id='word_1_40' title='bbox 526 903 695 968; x_wconf 78' lang='lat' dir='ltr'><strong>aohiberi:</strong></span> <span class='ocrx_word' id='word_1_41' title='bbox 717 923 759 968; x_wconf 90' lang='lat' dir='ltr'><strong>ne</strong></span> <span class='ocrx_word' id='word_1_42' title='bbox 780 925 910 970; x_wconf 87' lang='lat' dir='ltr'><strong>rursum</strong></span> <span class='ocrx_word' id='word_1_43' title='bbox 933 907 1124 970; x_wconf 86' lang='lat' dir='ltr'><strong>convivium</strong></span> <span class='ocrx_word' id='word_1_44' title='bbox 1145 907 1220 990; x_wconf 79' lang='lat' dir='ltr'><strong>pla-</strong></span> 
     </span>
     <span class='ocr_line' id='line_1_7' title="bbox 117 1003 1220 1090; baseline 0.007 -25"><span class='ocrx_word' id='word_1_45' title='bbox 117 1003 253 1066; x_wconf 82' lang='lat' dir='ltr'><strong>cidum³</strong></span> <span class='ocrx_word' id='word_1_46' title='bbox 268 1003 371 1067; x_wconf 88' lang='lat' dir='ltr'><strong>simili</strong></span> <span class='ocrx_word' id='word_1_47' title='bbox 386 1005 597 1087; x_wconf 79' lang='lat' dir='ltr'><strong>petulantia4</strong></span> <span class='ocrx_word' id='word_1_48' title='bbox 612 1005 821 1090; x_wconf 82' lang='lat' dir='ltr'><strong>dissiparem.</strong></span> <span class='ocrx_word' id='word_1_49' title='bbox 851 1006 931 1072; x_wconf 89' lang='lat' dir='ltr'><strong>Hoc</strong></span> <span class='ocrx_word' id='word_1_50' title='bbox 946 1007 1115 1072; x_wconf 84' lang='lat' dir='ltr'><strong>astutulo⁵</strong></span> <span class='ocrx_word' id='word_1_51' title='bbox 1129 1025 1220 1073; x_wconf 86' lang='lat' dir='ltr'><strong>eom·</strong></span> 
     </span>
     <span class='ocr_line' id='line_1_8' title="bbox 118 1105 1219 1193; baseline 0.009 -28"><span class='ocrx_word' id='word_1_52' title='bbox 118 1108 230 1167; x_wconf 89' lang='lat' dir='ltr'><strong>mento</strong></span> <span class='ocrx_word' id='word_1_53' title='bbox 245 1105 365 1167; x_wconf 87' lang='lat' dir='ltr'><strong>scitule</strong></span> <span class='ocrx_word' id='word_1_54' title='bbox 386 1107 548 1181; x_wconf 89' lang='lat' dir='ltr'><strong>munitus,</strong></span> <span class='ocrx_word' id='word_1_55' title='bbox 570 1113 606 1170; x_wconf 88' lang='lat' dir='ltr'><strong>et</strong></span> <span class='ocrx_word' id='word_1_56' title='bbox 625 1107 746 1171; x_wconf 86' lang='lat' dir='ltr'><strong>mediis</strong></span> <span class='ocrx_word' id='word_1_57' title='bbox 769 1106 876 1171; x_wconf 89' lang='lat' dir='ltr'><strong>lanii-⁶</strong></span> <span class='ocrx_word' id='word_1_58' title='bbox 901 1109 1057 1174; x_wconf 87' lang='lat' dir='ltr'><strong>manibus</strong></span> <span class='ocrx_word' id='word_1_59' title='bbox 1073 1117 1219 1193; x_wconf 88' lang='lat' dir='ltr'><strong>ereptus,</strong></span> 
     </span>
     <span class='ocr_line' id='line_1_9' title="bbox 77 1206 1219 1290; baseline 0.01 -21"><span class='ocrx_word' id='word_1_60' title='bbox 77 1218 80 1222; x_wconf 84' lang='grc'><strong><em>·</em></strong></span> <span class='ocrx_word' id='word_1_61' title='bbox 119 1206 293 1270; x_wconf 83' lang='lat' dir='ltr'>custodela</span> <span class='ocrx_word' id='word_1_62' title='bbox 309 1207 489 1270; x_wconf 88' lang='lat' dir='ltr'><strong>salutaris⁷</strong></span> <span class='ocrx_word' id='word_1_63' title='bbox 504 1207 586 1271; x_wconf 85' lang='lat' dir='ltr'><strong>milri</strong></span> <span class='ocrx_word' id='word_1_64' title='bbox 600 1208 785 1290; x_wconf 85' lang='lat' dir='ltr'><strong>gaudebam</strong></span> <span class='ocrx_word' id='word_1_65' title='bbox 798 1212 951 1276; x_wconf 84' lang='lat' dir='ltr'><strong>carceris.</strong></span> <span class='ocrx_word' id='word_1_66' title='bbox 981 1211 1050 1275; x_wconf 87' lang='lat' dir='ltr'><strong>Sed</strong></span> <span class='ocrx_word' id='word_1_67' title='bbox 1065 1213 1219 1280; x_wconf 87' lang='lat' dir='ltr'><strong>nimirum</strong></span> 
     </span>
     <span class='ocr_line' id='line_1_10' title="bbox 118 1307 1219 1397; baseline 0.008 -27"><span class='ocrx_word' id='word_1_68' title='bbox 118 1309 203 1371; x_wconf 88' lang='lat' dir='ltr'><strong>nihil</strong></span> <span class='ocrx_word' id='word_1_69' title='bbox 222 1307 354 1372; x_wconf 85' lang='lat' dir='ltr'><strong>fortuna</strong></span> <span class='ocrx_word' id='word_1_70' title='bbox 368 1315 525 1374; x_wconf 83' lang='lat' dir='ltr'><strong>renuente</strong></span> <span class='ocrx_word' id='word_1_71' title='bbox 540 1309 620 1374; x_wconf 88' lang='lat' dir='ltr'><strong>licet</strong></span> <span class='ocrx_word' id='word_1_72' title='bbox 635 1309 782 1373; x_wconf 83' lang='lat' dir='ltr'><strong>homini8</strong></span> <span class='ocrx_word' id='word_1_73' title='bbox 805 1317 906 1375; x_wconf 82' lang='lat' dir='ltr'><strong>nato·</strong></span> <span class='ocrx_word' id='word_1_74' title='bbox 928 1311 1125 1376; x_wconf 82' lang='lat' dir='ltr'><strong>dexterum⁹</strong></span> <span class='ocrx_word' id='word_1_75' title='bbox 1139 1335 1219 1397; x_wconf 91' lang='lat' dir='ltr'><strong>pro-</strong></span> 
     </span>
     <span class='ocr_line' id='line_1_11' title="bbox 119 1411 1291 1493; baseline 0.006 -19"><span class='ocrx_word' id='word_1_76' title='bbox 119 1411 250 1474; x_wconf 86' lang='lat' dir='ltr'><strong>venire:</strong></span> <span class='ocrx_word' id='word_1_77' title='bbox 272 1429 335 1473; x_wconf 86' lang='lat' dir='ltr'><strong>neo</strong></span> <span class='ocrx_word' id='word_1_78' title='bbox 350 1411 494 1474; x_wconf 86' lang='lat' dir='ltr'><strong>oonsilio</strong></span> <span class='ocrx_word' id='word_1_79' title='bbox 516 1411 684 1492; x_wconf 85' lang='lat' dir='ltr'><strong>prudenti,</strong></span> <span class='ocrx_word' id='word_1_80' title='bbox 706 1413 761 1478; x_wconf 82' lang='lat' dir='ltr'><strong>vel</strong></span> <span class='ocrx_word' id='word_1_81' title='bbox 775 1411 926 1476; x_wconf 90' lang='lat' dir='ltr'><strong>remedio</strong></span> <span class='ocrx_word' id='word_1_82' title='bbox 941 1414 1081 1493; x_wconf 82' lang='lat' dir='ltr'><strong>sagaci,¹</strong></span> <span class='ocrx_word' id='word_1_83' title='bbox 1097 1414 1219 1480; x_wconf 87' lang='lat' dir='ltr'><strong>divinae</strong></span> <span class='ocrx_word' id='word_1_84' title='bbox 1289 1449 1291 1452; x_wconf 95' lang='lat'>·</span> 
     </span>
     <span class='ocr_line' id='line_1_12' title="bbox 118 1510 1219 1598; baseline 0.003 -22"><span class='ocrx_word' id='word_1_85' title='bbox 118 1510 350 1576; x_wconf 83' lang='lat' dir='ltr'><strong>Providentiae</strong></span> <span class='ocrx_word' id='word_1_86' title='bbox 374 1511 487 1574; x_wconf 87' lang='lat' dir='ltr'><strong>fatalis</strong></span> <span class='ocrx_word' id='word_1_87' title='bbox 510 1511 691 1593; x_wconf 86' lang='lat' dir='ltr'><strong>dispositio</strong></span> <span class='ocrx_word' id='word_1_88' title='bbox 714 1513 861 1576; x_wconf 88' lang='lat' dir='ltr'><strong>subverti</strong></span> <span class='ocrx_word' id='word_1_89' title='bbox 882 1513 937 1576; x_wconf 84' lang='lat' dir='ltr'><strong>vel</strong></span> <span class='ocrx_word' id='word_1_90' title='bbox 958 1511 1130 1576; x_wconf 86' lang='lat' dir='ltr'><strong>reformari</strong></span> <span class='ocrx_word' id='word_1_91' title='bbox 1157 1533 1219 1598; x_wconf 91' lang='lat' dir='ltr'><strong>po-</strong></span> 
     </span>
     <span class='ocr_line' id='line_1_13' title="bbox 118 1611 1278 1696; baseline 0.004 -20"><span class='ocrx_word' id='word_1_92' title='bbox 118 1619 195 1676; x_wconf 90' lang='lat' dir='ltr'><strong>test.</strong></span> <span class='ocrx_word' id='word_1_93' title='bbox 242 1611 328 1676; x_wconf 90' lang='lat' dir='ltr'><strong>Mihi</strong></span> <span class='ocrx_word' id='word_1_94' title='bbox 343 1611 489 1696; x_wconf 84' lang='lat' dir='ltr'><strong>dedique</strong></span> <span class='ocrx_word' id='word_1_95' title='bbox 504 1613 541 1680; x_wconf 91' lang='lat' dir='ltr'><strong>id</strong></span> <span class='ocrx_word' id='word_1_96' title='bbox 556 1613 693 1696; x_wconf 82' lang='lat' dir='ltr'><strong>ipsum²</strong></span> <span class='ocrx_word' id='word_1_97' title='bbox 707 1619 944 1692; x_wconf 89' lang='lat' dir='ltr'><strong>commentum,</strong></span> <span class='ocrx_word' id='word_1_98' title='bbox 964 1613 1056 1696; x_wconf 90' lang='lat' dir='ltr'><strong>quod</strong></span> <span class='ocrx_word' id='word_1_99' title='bbox 1072 1633 1220 1681; x_wconf 88' lang='lat' dir='ltr'><strong>momen·</strong></span> <span class='ocrx_word' id='word_1_100' title='bbox 1274 1659 1278 1668; x_wconf 87' lang='lat'>·</span> 
     </span>
    </p>
   </div>
   <div class='ocr_carea' id='block_1_3' title="bbox 11 1801 1220 1892">
    <p class='ocr_par' dir='ltr' id='par_1_3' title="bbox 11 1801 1220 1892">
     <span class='ocr_line' id='line_1_14' title="bbox 11 1801 1220 1892; baseline 0.001 -14"><span class='ocrx_word' id='word_1_101' title='bbox 11 1801 14 1820; x_wconf 20' lang='grc' dir='ltr'><em>ζ</em></span> <span class='ocrx_word' id='word_1_102' title='bbox 117 1835 189 1891; x_wconf 78' lang='lat' dir='ltr'><strong>atque</strong></span> <span class='ocrx_word' id='word_1_103' title='bbox 205 1830 312 1880; x_wconf 74' lang='lat' dir='ltr'><strong>miserta</strong></span> <span class='ocrx_word' id='word_1_104' title='bbox 328 1833 403 1880; x_wconf 82' lang='lat' dir='ltr'><strong>malta</strong></span> <span class='ocrx_word' id='word_1_105' title='bbox 420 1845 451 1880; x_wconf 78' lang='lat' dir='ltr'><strong>ea</strong></span> <span class='ocrx_word' id='word_1_106' title='bbox 461 1829 573 1890; x_wconf 71' lang='lat' dir='ltr'><strong>fatalia</strong></span> <span class='ocrx_word' id='word_1_107' title='bbox 590 1829 695 1892; x_wconf 78' lang='lat' dir='ltr'><strong>ipsasque</strong></span> <span class='ocrx_word' id='word_1_108' title='bbox 706 1832 763 1880; x_wconf 84' lang='lat' dir='ltr'><strong>adea</strong></span> <span class='ocrx_word' id='word_1_109' title='bbox 781 1845 873 1880; x_wconf 81' lang='lat' dir='ltr'><strong>mensae</strong></span> <span class='ocrx_word' id='word_1_110' title='bbox 883 1836 907 1879; x_wconf 89' lang='lat' dir='ltr'><strong>et</strong></span> <span class='ocrx_word' id='word_1_111' title='bbox 924 1831 973 1880; x_wconf 85' lang='lat' dir='ltr'><strong>alia</strong></span> <span class='ocrx_word' id='word_1_112' title='bbox 991 1829 1130 1889; x_wconf 75' lang='lat' dir='ltr'><strong>huiusmodi.</strong></span> <span class='ocrx_word' id='word_1_113' title='bbox 1165 1831 1220 1886; x_wconf 79' lang='lat' dir='ltr'><strong>Qua</strong></span> 
     </span>
    </p>
   </div>
   <div class='ocr_carea' id='block_1_4' title="bbox 111 1892 1222 2342">
    <p class='ocr_par' dir='ltr' id='par_1_4' title="bbox 111 1892 1222 2342">
     <span class='ocr_line' id='line_1_15' title="bbox 111 1892 1221 1956; baseline 0.002 -15"><span class='ocrx_word' id='word_1_114' title='bbox 111 1892 182 1952; x_wconf 78' lang='lat' dir='ltr'><strong>foeda</strong></span> <span class='ocrx_word' id='word_1_115' title='bbox 192 1909 271 1944; x_wconf 83' lang='lat' dir='ltr'><strong>rerum</strong></span> <span class='ocrx_word' id='word_1_116' title='bbox 281 1895 428 1944; x_wconf 68' lang='lat' dir='ltr'><strong>wbaasiaae</strong></span> <span class='ocrx_word' id='word_1_117' title='bbox 437 1893 720 1956; x_wconf 68' lang='lat' dir='ltr'><strong>perettuspatery&#39;amilias</strong></span> <span class='ocrx_word' id='word_1_118' title='bbox 728 1895 828 1942; x_wconf 81' lang='lat' dir='ltr'><strong>tradidit</strong></span> <span class='ocrx_word' id='word_1_119' title='bbox 839 1909 874 1942; x_wconf 86' lang='lat' dir='ltr'><strong>rae</strong></span> <span class='ocrx_word' id='word_1_120' title='bbox 882 1907 948 1942; x_wconf 85' lang='lat' dir='ltr'><strong>seruo</strong></span> <span class='ocrx_word' id='word_1_121' title='bbox 959 1895 1061 1951; x_wconf 81' lang='lat' dir='ltr'><strong>auidam,</strong></span> <span class='ocrx_word' id='word_1_122' title='bbox 1070 1895 1221 1956; x_wconf 63' lang='lat' dir='ltr'><strong>dproeeepit,</strong></span> 
     </span>
     <span class='ocr_line' id='line_1_16' title="bbox 117 1958 1222 2021; baseline 0.001 -16"><span class='ocrx_word' id='word_1_123' title='bbox 117 1963 147 2005; x_wconf 89' lang='lat' dir='ltr'><strong>ut</strong></span> <span class='ocrx_word' id='word_1_124' title='bbox 156 1972 194 2005; x_wconf 86' lang='lat' dir='ltr'><strong>me</strong></span> <span class='ocrx_word' id='word_1_125' title='bbox 209 1960 337 2020; x_wconf 76' lang='lat' dir='ltr'><strong>diligenter</strong></span> <span class='ocrx_word' id='word_1_126' title='bbox 352 1959 483 2007; x_wconf 80' lang='lat' dir='ltr'><strong>includeret</strong></span> <span class='ocrx_word' id='word_1_127' title='bbox 500 1960 526 2006; x_wconf 82' lang='lat' dir='ltr'><strong>ta</strong></span> <span class='ocrx_word' id='word_1_128' title='bbox 541 1961 605 2005; x_wconf 81' lang='lat' dir='ltr'><strong>certo</strong></span> <span class='ocrx_word' id='word_1_129' title='bbox 616 1959 714 2018; x_wconf 81' lang='lat' dir='ltr'><strong>qaedam</strong></span> <span class='ocrx_word' id='word_1_130' title='bbox 724 1958 781 2020; x_wconf 76' lang='lat' dir='ltr'><strong>beo,</strong></span> <span class='ocrx_word' id='word_1_131' title='bbox 797 1959 869 2006; x_wconf 70' lang='lat' dir='ltr'><strong>velasti</strong></span> <span class='ocrx_word' id='word_1_132' title='bbox 887 1959 1009 2006; x_wconf 82' lang='lat' dir='ltr'><strong>molestum</strong></span> <span class='ocrx_word' id='word_1_133' title='bbox 1026 1965 1050 2006; x_wconf 87' lang='lat' dir='ltr'><strong>et</strong></span> <span class='ocrx_word' id='word_1_134' title='bbox 1067 1961 1222 2021; x_wconf 73' lang='lat' dir='ltr'><strong>petulantem,</strong></span> 
     </span>
     <span class='ocr_line' id='line_1_17' title="bbox 117 2021 1220 2086; baseline 0.003 -18"><span class='ocrx_word' id='word_1_135' title='bbox 117 2026 190 2082; x_wconf 78' lang='lat' dir='ltr'><strong>atque</strong></span> <span class='ocrx_word' id='word_1_136' title='bbox 200 2022 236 2070; x_wconf 75' lang='lat' dir='ltr'><strong>ur</strong></span> <span class='ocrx_word' id='word_1_137' title='bbox 252 2037 289 2070; x_wconf 81' lang='lat' dir='ltr'><strong>rae</strong></span> <span class='ocrx_word' id='word_1_138' title='bbox 305 2023 429 2083; x_wconf 65' lang='lat' dir='ltr'><strong>coerceret,</strong></span> <span class='ocrx_word' id='word_1_139' title='bbox 439 2037 468 2070; x_wconf 87' lang='lat' dir='ltr'><strong>ae</strong></span> <span class='ocrx_word' id='word_1_140' title='bbox 486 2023 572 2070; x_wconf 84' lang='lat' dir='ltr'><strong>iterum</strong></span> <span class='ocrx_word' id='word_1_141' title='bbox 588 2021 746 2070; x_wconf 72' lang='lat' dir='ltr'><strong>disturbatam</strong></span> <span class='ocrx_word' id='word_1_142' title='bbox 760 2023 901 2084; x_wconf 79' lang='lat' dir='ltr'><strong>tranquillas</strong></span> <span class='ocrx_word' id='word_1_143' title='bbox 915 2023 995 2084; x_wconf 72' lang='lat' dir='ltr'><strong>epulae</strong></span> <span class='ocrx_word' id='word_1_144' title='bbox 1011 2023 1056 2070; x_wconf 86' lang='lat' dir='ltr'><strong>tali</strong></span> <span class='ocrx_word' id='word_1_145' title='bbox 1068 2025 1220 2086; x_wconf 66' lang='lat' dir='ltr'><strong>praumato.</strong></span> 
     </span>
     <span class='ocr_line' id='line_1_18' title="bbox 119 2085 1221 2151; baseline 0.001 -18"><span class='ocrx_word' id='word_1_146' title='bbox 119 2085 171 2140; x_wconf 81' lang='lat' dir='ltr'><strong>Iti,</strong></span> <span class='ocrx_word' id='word_1_147' title='bbox 181 2086 266 2134; x_wconf 80' lang='lat' dir='ltr'><strong>callide</strong></span> <span class='ocrx_word' id='word_1_148' title='bbox 279 2085 388 2144; x_wconf 77' lang='lat' dir='ltr'><strong>defensus</strong></span> <span class='ocrx_word' id='word_1_149' title='bbox 398 2101 447 2134; x_wconf 87' lang='lat' dir='ltr'><strong>meo</strong></span> <span class='ocrx_word' id='word_1_150' title='bbox 454 2087 536 2134; x_wconf 83' lang='lat' dir='ltr'><strong>solerti</strong></span> <span class='ocrx_word' id='word_1_151' title='bbox 545 2085 652 2145; x_wconf 67' lang='lat' dir='ltr'><strong>canalio,</strong></span> <span class='ocrx_word' id='word_1_152' title='bbox 663 2090 687 2134; x_wconf 82' lang='lat' dir='ltr'><strong>et</strong></span> <span class='ocrx_word' id='word_1_153' title='bbox 701 2090 824 2134; x_wconf 79' lang='lat' dir='ltr'><strong>estractus</strong></span> <span class='ocrx_word' id='word_1_154' title='bbox 841 2101 872 2136; x_wconf 74' lang='lat' dir='ltr'><strong>ex</strong></span> <span class='ocrx_word' id='word_1_155' title='bbox 881 2087 966 2134; x_wconf 84' lang='lat' dir='ltr'><strong>mediis</strong></span> <span class='ocrx_word' id='word_1_156' title='bbox 976 2085 1084 2135; x_wconf 79' lang='lat' dir='ltr'><strong>manitas</strong></span> <span class='ocrx_word' id='word_1_157' title='bbox 1093 2087 1221 2151; x_wconf 76' lang='lat' dir='ltr'><strong>carnificis,</strong></span> 
     </span>
     <span class='ocr_line' id='line_1_19' title="bbox 116 2148 1220 2212; baseline 0.002 -16"><span class='ocrx_word' id='word_1_158' title='bbox 116 2149 221 2198; x_wconf 76' lang='lat' dir='ltr'><strong>latebas·</strong></span> <span class='ocrx_word' id='word_1_159' title='bbox 237 2152 297 2212; x_wconf 82' lang='lat' dir='ltr'><strong>qued</strong></span> <span class='ocrx_word' id='word_1_160' title='bbox 307 2150 437 2198; x_wconf 74' lang='lat' dir='ltr'><strong>caaoaua·</strong></span> <span class='ocrx_word' id='word_1_161' title='bbox 446 2151 488 2198; x_wconf 84' lang='lat' dir='ltr'><strong>illo</strong></span> <span class='ocrx_word' id='word_1_162' title='bbox 498 2148 599 2197; x_wconf 77' lang='lat' dir='ltr'><strong>salutari</strong></span> <span class='ocrx_word' id='word_1_163' title='bbox 609 2163 710 2198; x_wconf 80' lang='lat' dir='ltr'><strong>earcere.</strong></span> <span class='ocrx_word' id='word_1_164' title='bbox 747 2149 843 2208; x_wconf 85' lang='lat' dir='ltr'><strong>Veram,</strong></span> <span class='ocrx_word' id='word_1_165' title='bbox 854 2155 917 2198; x_wconf 79' lang='lat' dir='ltr'><strong>certe</strong></span> <span class='ocrx_word' id='word_1_166' title='bbox 928 2150 988 2198; x_wconf 73' lang='lat' dir='ltr'><strong>aaa</strong></span> <span class='ocrx_word' id='word_1_167' title='bbox 993 2150 1072 2209; x_wconf 86' lang='lat' dir='ltr'><strong>fausti</strong></span> <span class='ocrx_word' id='word_1_168' title='bbox 1083 2151 1220 2200; x_wconf 82' lang='lat' dir='ltr'><strong>mortalibus</strong></span> 
     </span>
     <span class='ocr_line' id='line_1_20' title="bbox 114 2213 1221 2276; baseline 0.003 -17"><span class='ocrx_word' id='word_1_169' title='bbox 114 2218 195 2274; x_wconf 85' lang='lat' dir='ltr'><strong>potest</strong></span> <span class='ocrx_word' id='word_1_170' title='bbox 205 2215 341 2275; x_wconf 77' lang='lat' dir='ltr'><strong>contingere</strong></span> <span class='ocrx_word' id='word_1_171' title='bbox 351 2219 432 2262; x_wconf 81' lang='lat' dir='ltr'><strong>contra</strong></span> <span class='ocrx_word' id='word_1_172' title='bbox 445 2214 557 2262; x_wconf 84' lang='lat' dir='ltr'><strong>Fortauoe</strong></span> <span class='ocrx_word' id='word_1_173' title='bbox 568 2213 727 2260; x_wconf 80' lang='lat' dir='ltr'><strong>volantatem.-</strong></span> <span class='ocrx_word' id='word_1_174' title='bbox 742 2227 814 2276; x_wconf 79' lang='lat' dir='ltr'><strong>nsque</strong></span> <span class='ocrx_word' id='word_1_175' title='bbox 825 2215 880 2262; x_wconf 86' lang='lat' dir='ltr'><strong>ardo</strong></span> <span class='ocrx_word' id='word_1_176' title='bbox 891 2214 1044 2262; x_wconf 83' lang='lat' dir='ltr'><strong>immutabilis</strong></span> <span class='ocrx_word' id='word_1_177' title='bbox 1059 2215 1221 2262; x_wconf 74' lang='lat' dir='ltr'><strong>Prouidentia</strong></span> 
     </span>
     <span class='ocr_line' id='line_1_21' title="bbox 118 2277 1220 2342; baseline 0 -16"><span class='ocrx_word' id='word_1_178' title='bbox 118 2277 302 2342; x_wconf 80' lang='lat' dir='ltr'><strong>Dieiaoepotest</strong></span> <span class='ocrx_word' id='word_1_179' title='bbox 311 2277 400 2327; x_wconf 85' lang='lat' dir='ltr'><strong>matari</strong></span> <span class='ocrx_word' id='word_1_180' title='bbox 409 2277 653 2342; x_wconf 79' lang='lat' dir='ltr'><strong>autiusteett&#39;eoasilio</strong></span> <span class='ocrx_word' id='word_1_181' title='bbox 662 2277 753 2340; x_wconf 82' lang='lat' dir='ltr'><strong>solerti,</strong></span> <span class='ocrx_word' id='word_1_182' title='bbox 766 2279 801 2326; x_wconf 81' lang='lat' dir='ltr'><strong>nel</strong></span> <span class='ocrx_word' id='word_1_183' title='bbox 814 2279 904 2327; x_wconf 70' lang='lat' dir='ltr'><strong>naseu</strong></span> <span class='ocrx_word' id='word_1_184' title='bbox 913 2279 1007 2327; x_wconf 82' lang='lat' dir='ltr'><strong>callida.</strong></span> <span class='ocrx_word' id='word_1_185' title='bbox 1043 2279 1152 2342; x_wconf 66' lang='lat' dir='ltr'><strong>Deaiw</strong></span> <span class='ocrx_word' id='word_1_186' title='bbox 1161 2279 1220 2326; x_wconf 84' lang='lat' dir='ltr'><strong>iliad</strong></span> 
     </span>
    </p>
   </div>
   <div class='ocr_carea' id='block_1_5' title="bbox 579 2434 761 2458">
    <p class='ocr_par' dir='ltr' id='par_1_5' title="bbox 579 2434 761 2458">
     <span class='ocr_line' id='line_1_22' title="bbox 579 2434 761 2458; baseline 0 -2"><span class='ocrx_word' id='word_1_187' title='bbox 579 2434 761 2458; x_wconf 58' lang='lat' dir='ltr'><strong>”OM-O</strong></span> 
     </span>
    </p>
   </div>
   <div class='ocr_carea' id='block_1_6' title="bbox 117 2549 1230 3574">
    <p class='ocr_par' dir='ltr' id='par_1_6' title="bbox 117 2549 1230 3574">
     <span class='ocr_line' id='line_1_23' title="bbox 117 2549 1221 2614; baseline -0.003 -14"><span class='ocrx_word' id='word_1_188' title='bbox 117 2555 207 2602; x_wconf 69' lang='lat' dir='ltr'><strong>tauta.</strong></span> <span class='ocrx_word' id='word_1_189' title='bbox 223 2549 315 2602; x_wconf 77' lang='lat' dir='ltr'><strong>Id-o</strong></span> <span class='ocrx_word' id='word_1_190' title='bbox 331 2553 430 2601; x_wconf 80' lang='lat' dir='ltr'><strong>Mensae</strong></span> <span class='ocrx_word' id='word_1_191' title='bbox 437 2551 510 2601; x_wconf 86' lang='lat' dir='ltr'><strong>etiam</strong></span> <span class='ocrx_word' id='word_1_192' title='bbox 520 2552 616 2614; x_wconf 82' lang='lat' dir='ltr'><strong>impeta.</strong></span> <span class='ocrx_word' id='word_1_193' title='bbox 650 2551 746 2614; x_wconf 81' lang='lat' dir='ltr'><strong>Vulgo,</strong></span> <span class='ocrx_word' id='word_1_194' title='bbox 762 2557 888 2600; x_wconf 80' lang='lat' dir='ltr'><strong>mensuret</strong></span> <span class='ocrx_word' id='word_1_195' title='bbox 905 2552 1022 2613; x_wconf 77' lang='lat' dir='ltr'><strong>idgeaas,</strong></span> <span class='ocrx_word' id='word_1_196' title='bbox 1032 2551 1074 2614; x_wconf 68' lang='lat' dir='ltr'><strong>tre.</strong></span> <span class='ocrx_word' id='word_1_197' title='bbox 1109 2551 1221 2600; x_wconf 76' lang='lat' dir='ltr'><strong>Cottius.</strong></span> 
     </span>
     <span class='ocr_line' id='line_1_24' title="bbox 118 2615 1220 2680; baseline 0 -16"><span class='ocrx_word' id='word_1_198' title='bbox 118 2617 196 2680; x_wconf 79' lang='lat' dir='ltr'><strong>Bert.</strong></span> <span class='ocrx_word' id='word_1_199' title='bbox 208 2617 278 2666; x_wconf 85' lang='lat' dir='ltr'><strong>Flor.</strong></span> <span class='ocrx_word' id='word_1_200' title='bbox 289 2624 316 2666; x_wconf 90' lang='lat' dir='ltr'><strong>et</strong></span> <span class='ocrx_word' id='word_1_201' title='bbox 328 2619 402 2665; x_wconf 89' lang='lat' dir='ltr'><strong>Rom.</strong></span> <span class='ocrx_word' id='word_1_202' title='bbox 419 2632 450 2665; x_wconf 91' lang='lat' dir='ltr'><strong>m.</strong></span> <span class='ocrx_word' id='word_1_203' title='bbox 468 2631 489 2665; x_wconf 87' lang='lat' dir='ltr'><strong>e.</strong></span> <span class='ocrx_word' id='word_1_204' title='bbox 506 2622 530 2664; x_wconf 87' lang='lat' dir='ltr'><strong>et</strong></span> <span class='ocrx_word' id='word_1_205' title='bbox 547 2617 573 2664; x_wconf 86' lang='lat' dir='ltr'><strong>id</strong></span> <span class='ocrx_word' id='word_1_206' title='bbox 588 2631 670 2678; x_wconf 76' lang='lat' dir='ltr'><strong>genas.</strong></span> <span class='ocrx_word' id='word_1_207' title='bbox 689 2617 856 2666; x_wconf 88' lang='lat' dir='ltr'><strong>Elmenb.-l</strong></span> <span class='ocrx_word' id='word_1_208' title='bbox 874 2615 1082 2664; x_wconf 72' lang='lat' dir='ltr'><strong>Pitinlaseieiuut.</strong></span> <span class='ocrx_word' id='word_1_209' title='bbox 1100 2615 1220 2666; x_wconf 75' lang='lat' dir='ltr'><strong>ona—e</strong></span> 
     </span>
     <span class='ocr_line' id='line_1_25' title="bbox 118 2678 1221 2744; baseline -0.001 -16"><span class='ocrx_word' id='word_1_210' title='bbox 118 2680 193 2730; x_wconf 79' lang='lat' dir='ltr'><strong>Pau</strong></span> <span class='ocrx_word' id='word_1_211' title='bbox 215 2680 284 2730; x_wconf 86' lang='lat' dir='ltr'><strong>Edd.</strong></span> <span class='ocrx_word' id='word_1_212' title='bbox 304 2690 365 2730; x_wconf 89' lang='lat' dir='ltr'><strong>aute</strong></span> <span class='ocrx_word' id='word_1_213' title='bbox 382 2681 510 2740; x_wconf 75' lang='lat' dir='ltr'><strong>Onlrium,</strong></span> <span class='ocrx_word' id='word_1_214' title='bbox 527 2681 575 2728; x_wconf 82' lang='lat' dir='ltr'><strong>loco</strong></span> <span class='ocrx_word' id='word_1_215' title='bbox 592 2696 614 2730; x_wconf 85' lang='lat' dir='ltr'><strong>c.</strong></span> <span class='ocrx_word' id='word_1_216' title='bbox 632 2680 720 2744; x_wconf 81' lang='lat' dir='ltr'><strong>atiquo.</strong></span> <span class='ocrx_word' id='word_1_217' title='bbox 754 2679 779 2728; x_wconf 85' lang='lat' dir='ltr'><strong>A</strong></span> <span class='ocrx_word' id='word_1_218' title='bbox 798 2681 889 2741; x_wconf 81' lang='lat' dir='ltr'><strong>Regio,</strong></span> <span class='ocrx_word' id='word_1_219' title='bbox 905 2681 971 2728; x_wconf 87' lang='lat' dir='ltr'><strong>Fax.</strong></span> <span class='ocrx_word' id='word_1_220' title='bbox 989 2679 1066 2728; x_wconf 85' lang='lat' dir='ltr'><strong>abest</strong></span> <span class='ocrx_word' id='word_1_221' title='bbox 1083 2678 1113 2727; x_wconf 79' lang='lat' dir='ltr'><strong>at</strong></span> <span class='ocrx_word' id='word_1_222' title='bbox 1131 2681 1188 2742; x_wconf 83' lang='lat' dir='ltr'><strong>loeo,</strong></span> <span class='ocrx_word' id='word_1_223' title='bbox 1205 2695 1221 2727; x_wconf 85' lang='lat' dir='ltr'><strong>a</strong></span> 
     </span>
     <span class='ocr_line' id='line_1_26' title="bbox 118 2742 1219 2806; baseline -0.002 -14"><span class='ocrx_word' id='word_1_224' title='bbox 118 2744 236 2794; x_wconf 80' lang='lat' dir='ltr'><strong>Floreat.</strong></span> <span class='ocrx_word' id='word_1_225' title='bbox 248 2751 277 2793; x_wconf 87' lang='lat' dir='ltr'><strong>et</strong></span> <span class='ocrx_word' id='word_1_226' title='bbox 290 2745 360 2794; x_wconf 83' lang='lat' dir='ltr'><strong>Pith.</strong></span> <span class='ocrx_word' id='word_1_227' title='bbox 372 2742 486 2803; x_wconf 73' lang='lat' dir='ltr'><strong>rbjassit.</strong></span> <span class='ocrx_word' id='word_1_228' title='bbox 504 2743 596 2792; x_wconf 84' lang='lat' dir='ltr'><strong>ld.-a</strong></span> <span class='ocrx_word' id='word_1_229' title='bbox 614 2744 684 2805; x_wconf 79' lang='lat' dir='ltr'><strong>lips.</strong></span> <span class='ocrx_word' id='word_1_230' title='bbox 698 2744 784 2793; x_wconf 87' lang='lat' dir='ltr'><strong>Oxon.</strong></span> <span class='ocrx_word' id='word_1_231' title='bbox 794 2743 881 2792; x_wconf 86' lang='lat' dir='ltr'><strong>Palat.</strong></span> <span class='ocrx_word' id='word_1_232' title='bbox 895 2743 984 2793; x_wconf 81' lang='lat' dir='ltr'><strong>Guelf.</strong></span> <span class='ocrx_word' id='word_1_233' title='bbox 996 2758 1047 2792; x_wconf 82' lang='lat' dir='ltr'><strong>sec.</strong></span> <span class='ocrx_word' id='word_1_234' title='bbox 1060 2759 1080 2792; x_wconf 82' lang='lat' dir='ltr'><strong>e.</strong></span> <span class='ocrx_word' id='word_1_235' title='bbox 1095 2744 1219 2806; x_wconf 80' lang='lat' dir='ltr'><strong>placitant,</strong></span> 
     </span>
     <span class='ocr_line' id='line_1_27' title="bbox 119 2805 1221 2871; baseline 0.004 -16"><span class='ocrx_word' id='word_1_236' title='bbox 119 2806 332 2871; x_wconf 82' lang='lat' dir='ltr'><strong>frequentissima</strong></span> <span class='ocrx_word' id='word_1_237' title='bbox 342 2809 496 2858; x_wconf 83' lang='lat' dir='ltr'><strong>variatione.</strong></span> <span class='ocrx_word' id='word_1_238' title='bbox 513 2808 602 2857; x_wconf 70' lang='lat' dir='ltr'><strong>Iri-4</strong></span> <span class='ocrx_word' id='word_1_239' title='bbox 618 2807 717 2857; x_wconf 81' lang='lat' dir='ltr'><strong>D&#39;Orv.</strong></span> <span class='ocrx_word' id='word_1_240' title='bbox 727 2808 866 2870; x_wconf 81' lang='lat' dir='ltr'><strong>petulentia.</strong></span> <span class='ocrx_word' id='word_1_241' title='bbox 882 2807 973 2856; x_wconf 68' lang='lat' dir='ltr'><strong>lca-5</strong></span> <span class='ocrx_word' id='word_1_242' title='bbox 991 2808 1041 2856; x_wconf 84' lang='lat' dir='ltr'><strong>Hie</strong></span> <span class='ocrx_word' id='word_1_243' title='bbox 1051 2805 1138 2856; x_wconf 78' lang='lat' dir='ltr'><strong>astato.</strong></span> <span class='ocrx_word' id='word_1_244' title='bbox 1157 2809 1221 2859; x_wconf 75' lang='lat' dir='ltr'><strong>Fur.</strong></span> 
     </span>
     <span class='ocr_line' id='line_1_28' title="bbox 120 2869 1221 2936; baseline 0.001 -16"><span class='ocrx_word' id='word_1_245' title='bbox 120 2871 177 2920; x_wconf 68' lang='lat' dir='ltr'><strong>flos</strong></span> <span class='ocrx_word' id='word_1_246' title='bbox 186 2873 286 2922; x_wconf 81' lang='lat' dir='ltr'><strong>sustula.</strong></span> <span class='ocrx_word' id='word_1_247' title='bbox 320 2871 381 2922; x_wconf 77' lang='lat' dir='ltr'><strong>Ald.</strong></span> <span class='ocrx_word' id='word_1_248' title='bbox 392 2885 453 2921; x_wconf 86' lang='lat' dir='ltr'><strong>vero</strong></span> <span class='ocrx_word' id='word_1_249' title='bbox 463 2874 548 2934; x_wconf 83' lang='lat' dir='ltr'><strong>astula,</strong></span> <span class='ocrx_word' id='word_1_250' title='bbox 565 2887 598 2921; x_wconf 88' lang='lat' dir='ltr'><strong>ex</strong></span> <span class='ocrx_word' id='word_1_251' title='bbox 614 2887 664 2936; x_wconf 89' lang='lat' dir='ltr'><strong>quo</strong></span> <span class='ocrx_word' id='word_1_252' title='bbox 680 2887 728 2934; x_wconf 77' lang='lat' dir='ltr'><strong>ego</strong></span> <span class='ocrx_word' id='word_1_253' title='bbox 745 2870 814 2920; x_wconf 81' lang='lat' dir='ltr'><strong>tucio</strong></span> <span class='ocrx_word' id='word_1_254' title='bbox 831 2873 944 2932; x_wconf 84' lang='lat' dir='ltr'><strong>aetatula,</strong></span> <span class='ocrx_word' id='word_1_255' title='bbox 960 2871 1088 2935; x_wconf 87' lang='lat' dir='ltr'><strong>quomodo</strong></span> <span class='ocrx_word' id='word_1_256' title='bbox 1107 2869 1174 2920; x_wconf 84' lang='lat' dir='ltr'><strong>infra</strong></span> <span class='ocrx_word' id='word_1_257' title='bbox 1192 2885 1221 2933; x_wconf 83' lang='lat' dir='ltr'><strong>p.</strong></span> 
     </span>
     <span class='ocr_line' id='line_1_29' title="bbox 119 2936 1222 3000; baseline 0 -16"><span class='ocrx_word' id='word_1_258' title='bbox 119 2940 179 2984; x_wconf 76' lang='lat'><strong>75⁷.</strong></span> <span class='ocrx_word' id='word_1_259' title='bbox 197 2937 284 2986; x_wconf 83' lang='lat' dir='ltr'><strong>Roald.</strong></span> <span class='ocrx_word' id='word_1_260' title='bbox 319 2937 369 2986; x_wconf 79' lang='lat' dir='ltr'><strong>Hic</strong></span> <span class='ocrx_word' id='word_1_261' title='bbox 390 2938 474 2985; x_wconf 85' lang='lat' dir='ltr'><strong>astula.</strong></span> <span class='ocrx_word' id='word_1_262' title='bbox 507 2937 558 2984; x_wconf 90' lang='lat' dir='ltr'><strong>Ms.</strong></span> <span class='ocrx_word' id='word_1_263' title='bbox 578 2937 632 2984; x_wconf 85' lang='lat' dir='ltr'><strong>Hae</strong></span> <span class='ocrx_word' id='word_1_264' title='bbox 650 2937 734 2984; x_wconf 82' lang='lat' dir='ltr'><strong>astula</strong></span> <span class='ocrx_word' id='word_1_265' title='bbox 768 2937 874 3000; x_wconf 77' lang='lat' dir='ltr'><strong>Legum,</strong></span> <span class='ocrx_word' id='word_1_266' title='bbox 891 2936 946 2984; x_wconf 81' lang='lat' dir='ltr'><strong>Hoc</strong></span> <span class='ocrx_word' id='word_1_267' title='bbox 963 2937 1066 2984; x_wconf 86' lang='lat' dir='ltr'><strong>astutulo</strong></span> <span class='ocrx_word' id='word_1_268' title='bbox 1085 2940 1222 2997; x_wconf 75' lang='lat' dir='ltr'><strong>wmmeato,</strong></span> 
     </span>
     <span class='ocr_line' id='line_1_30' title="bbox 120 2999 1221 3060; baseline -0.001 -13"><span class='ocrx_word' id='word_1_269' title='bbox 120 3001 164 3047; x_wconf 83' lang='lat' dir='ltr'><strong>vel</strong></span> <span class='ocrx_word' id='word_1_270' title='bbox 175 3005 263 3050; x_wconf 83' lang='lat' dir='ltr'><strong>astuta.</strong></span> <span class='ocrx_word' id='word_1_271' title='bbox 296 3000 410 3048; x_wconf 85' lang='lat' dir='ltr'><strong>Calvius.</strong></span> <span class='ocrx_word' id='word_1_272' title='bbox 442 3001 497 3049; x_wconf 85' lang='lat' dir='ltr'><strong>Hae</strong></span> <span class='ocrx_word' id='word_1_273' title='bbox 515 3003 593 3048; x_wconf 83' lang='lat' dir='ltr'><strong>astuta</strong></span> <span class='ocrx_word' id='word_1_274' title='bbox 607 3016 628 3050; x_wconf 84' lang='lat' dir='ltr'><strong>e.</strong></span> <span class='ocrx_word' id='word_1_275' title='bbox 663 3001 732 3049; x_wconf 77' lang='lat' dir='ltr'><strong>Flos.</strong></span> <span class='ocrx_word' id='word_1_276' title='bbox 750 3005 778 3049; x_wconf 87' lang='lat' dir='ltr'><strong>et</strong></span> <span class='ocrx_word' id='word_1_277' title='bbox 793 3002 868 3049; x_wconf 84' lang='lat' dir='ltr'><strong>Bert.</strong></span> <span class='ocrx_word' id='word_1_278' title='bbox 890 2999 942 3047; x_wconf 83' lang='lat' dir='ltr'><strong>Hae</strong></span> <span class='ocrx_word' id='word_1_279' title='bbox 959 3001 1035 3047; x_wconf 84' lang='lat' dir='ltr'><strong>astuta</strong></span> <span class='ocrx_word' id='word_1_280' title='bbox 1053 3015 1074 3047; x_wconf 86' lang='lat' dir='ltr'><strong>c.</strong></span> <span class='ocrx_word' id='word_1_281' title='bbox 1109 2999 1221 3060; x_wconf 86' lang='lat' dir='ltr'><strong>Colvius,</strong></span> 
     </span>
     <span class='ocr_line' id='line_1_31' title="bbox 120 3062 1223 3126; baseline -0.003 -13"><span class='ocrx_word' id='word_1_282' title='bbox 120 3063 319 3114; x_wconf 79' lang='lat' dir='ltr'><strong>Honestatulae.</strong></span> <span class='ocrx_word' id='word_1_283' title='bbox 338 3064 454 3112; x_wconf 86' lang='lat' dir='ltr'><strong>Elnrenh.</strong></span> <span class='ocrx_word' id='word_1_284' title='bbox 488 3063 664 3126; x_wconf 81' lang='lat' dir='ltr'><strong>corrigebam,</strong></span> <span class='ocrx_word' id='word_1_285' title='bbox 682 3064 831 3111; x_wconf 83' lang='lat' dir='ltr'><strong>Hoecatrdo.</strong></span> <span class='ocrx_word' id='word_1_286' title='bbox 863 3063 1044 3112; x_wconf 85' lang='lat' dir='ltr'><strong>‘Catadieta&#39;</strong></span> <span class='ocrx_word' id='word_1_287' title='bbox 1062 3069 1139 3112; x_wconf 86' lang='lat' dir='ltr'><strong>acuta</strong></span> <span class='ocrx_word' id='word_1_288' title='bbox 1150 3062 1223 3112; x_wconf 83' lang='lat' dir='ltr'><strong>diota</strong></span> 
     </span>
     <span class='ocr_line' id='line_1_32' title="bbox 120 3126 1230 3190; baseline -0.004 -14"><span class='ocrx_word' id='word_1_289' title='bbox 120 3127 192 3190; x_wconf 87' lang='lat' dir='ltr'><strong>apud</strong></span> <span class='ocrx_word' id='word_1_290' title='bbox 202 3129 313 3176; x_wconf 86' lang='lat' dir='ltr'><strong>Varron.</strong></span> <span class='ocrx_word' id='word_1_291' title='bbox 325 3142 365 3177; x_wconf 84' lang='lat' dir='ltr'><strong>vr.</strong></span> <span class='ocrx_word' id='word_1_292' title='bbox 378 3128 411 3177; x_wconf 86' lang='lat' dir='ltr'><strong>de</strong></span> <span class='ocrx_word' id='word_1_293' title='bbox 423 3128 498 3190; x_wconf 82' lang='lat' dir='ltr'><strong>Ling.</strong></span> <span class='ocrx_word' id='word_1_294' title='bbox 511 3128 569 3176; x_wconf 86' lang='lat' dir='ltr'><strong>Lat·</strong></span> <span class='ocrx_word' id='word_1_295' title='bbox 600 3126 652 3176; x_wconf 85' lang='lat' dir='ltr'><strong>Sed</strong></span> <span class='ocrx_word' id='word_1_296' title='bbox 663 3127 748 3188; x_wconf 85' lang='lat' dir='ltr'><strong>placet</strong></span> <span class='ocrx_word' id='word_1_297' title='bbox 759 3126 842 3174; x_wconf 84' lang='lat' dir='ltr'><strong>Colvii</strong></span> <span class='ocrx_word' id='word_1_298' title='bbox 851 3127 1009 3189; x_wconf 82' lang='lat' dir='ltr'><strong>conjectura.</strong></span> <span class='ocrx_word' id='word_1_299' title='bbox 1043 3127 1108 3174; x_wconf 88' lang='lat' dir='ltr'><strong>Mox</strong></span> <span class='ocrx_word' id='word_1_300' title='bbox 1119 3127 1167 3174; x_wconf 87' lang='lat' dir='ltr'><strong>lroe</strong></span> <span class='ocrx_word' id='word_1_301' title='bbox 1176 3126 1230 3184; x_wconf 79' lang='lat' dir='ltr'><strong>lib.</strong></span> 
     </span>
     <span class='ocr_line' id='line_1_33' title="bbox 118 3187 1221 3254; baseline -0.002 -14"><span class='ocrx_word' id='word_1_302' title='bbox 118 3193 236 3240; x_wconf 87' lang='lat' dir='ltr'><strong>‘Mulier</strong></span> <span class='ocrx_word' id='word_1_303' title='bbox 254 3193 348 3242; x_wconf 81' lang='lat' dir='ltr'><strong>callida</strong></span> <span class='ocrx_word' id='word_1_304' title='bbox 364 3199 392 3240; x_wconf 89' lang='lat' dir='ltr'><strong>et</strong></span> <span class='ocrx_word' id='word_1_305' title='bbox 410 3191 443 3240; x_wconf 88' lang='lat' dir='ltr'><strong>ad</strong></span> <span class='ocrx_word' id='word_1_306' title='bbox 463 3190 607 3254; x_wconf 89' lang='lat' dir='ltr'><strong>hujusmodi</strong></span> <span class='ocrx_word' id='word_1_307' title='bbox 624 3189 723 3254; x_wconf 78' lang='lat' dir='ltr'><strong>flagitia</strong></span> <span class='ocrx_word' id='word_1_308' title='bbox 740 3187 920 3252; x_wconf 74' lang='lat' dir='ltr'><strong>perastutula!</strong></span> <span class='ocrx_word' id='word_1_309' title='bbox 936 3189 1074 3238; x_wconf 67' lang='lat' dir='ltr'><strong>Beana-6</strong></span> <span class='ocrx_word' id='word_1_310' title='bbox 1090 3190 1221 3251; x_wconf 82' lang='lat' dir='ltr'><strong>Scriptus,</strong></span> 
     </span>
     <span class='ocr_line' id='line_1_34' title="bbox 119 3251 1221 3314; baseline -0.003 -11"><span class='ocrx_word' id='word_1_311' title='bbox 119 3255 193 3304; x_wconf 80' lang='lat' dir='ltr'><strong>laniis</strong></span> <span class='ocrx_word' id='word_1_312' title='bbox 200 3256 314 3304; x_wconf 76' lang='lat' dir='ltr'><strong>manibus.</strong></span> <span class='ocrx_word' id='word_1_313' title='bbox 331 3256 403 3306; x_wconf 88' lang='lat' dir='ltr'><strong>Colv.</strong></span> <span class='ocrx_word' id='word_1_314' title='bbox 436 3254 521 3304; x_wconf 83' lang='lat' dir='ltr'><strong>Abest</strong></span> <span class='ocrx_word' id='word_1_315' title='bbox 531 3261 555 3304; x_wconf 88' lang='lat' dir='ltr'><strong>et</strong></span> <span class='ocrx_word' id='word_1_316' title='bbox 570 3271 586 3304; x_wconf 86' lang='lat' dir='ltr'><strong>a</strong></span> <span class='ocrx_word' id='word_1_317' title='bbox 601 3257 665 3304; x_wconf 87' lang='lat' dir='ltr'><strong>Fux.</strong></span> <span class='ocrx_word' id='word_1_318' title='bbox 683 3261 711 3303; x_wconf 88' lang='lat' dir='ltr'><strong>et</strong></span> <span class='ocrx_word' id='word_1_319' title='bbox 730 3254 779 3304; x_wconf 88' lang='lat' dir='ltr'><strong>Ed.</strong></span> <span class='ocrx_word' id='word_1_320' title='bbox 797 3254 860 3302; x_wconf 87' lang='lat' dir='ltr'><strong>Bas.</strong></span> <span class='ocrx_word' id='word_1_321' title='bbox 879 3253 989 3302; x_wconf 75' lang='lat' dir='ltr'><strong>Oea—⁷</strong></span> <span class='ocrx_word' id='word_1_322' title='bbox 1006 3251 1099 3314; x_wconf 85' lang='lat' dir='ltr'><strong>Aldus,</strong></span> <span class='ocrx_word' id='word_1_323' title='bbox 1113 3255 1221 3302; x_wconf 81' lang='lat' dir='ltr'><strong>satutari.</strong></span> 
     </span>
     <span class='ocr_line' id='line_1_35' title="bbox 120 3317 1221 3382; baseline -0.005 -12"><span class='ocrx_word' id='word_1_324' title='bbox 120 3320 240 3370; x_wconf 84' lang='lat' dir='ltr'><strong>Elmenlr.</strong></span> <span class='ocrx_word' id='word_1_325' title='bbox 274 3320 342 3368; x_wconf 90' lang='lat' dir='ltr'><strong>Item</strong></span> <span class='ocrx_word' id='word_1_326' title='bbox 354 3320 428 3370; x_wconf 89' lang='lat' dir='ltr'><strong>Junt.</strong></span> <span class='ocrx_word' id='word_1_327' title='bbox 440 3335 479 3382; x_wconf 87' lang='lat' dir='ltr'><strong>pr.</strong></span> <span class='ocrx_word' id='word_1_328' title='bbox 492 3327 519 3368; x_wconf 87' lang='lat' dir='ltr'><strong>et</strong></span> <span class='ocrx_word' id='word_1_329' title='bbox 531 3319 614 3368; x_wconf 88' lang='lat' dir='ltr'><strong>Calin.</strong></span> <span class='ocrx_word' id='word_1_330' title='bbox 633 3321 747 3368; x_wconf 69' lang='lat' dir='ltr'><strong>Oua-8</strong></span> <span class='ocrx_word' id='word_1_331' title='bbox 763 3319 849 3367; x_wconf 87' lang='lat' dir='ltr'><strong>Prave</strong></span> <span class='ocrx_word' id='word_1_332' title='bbox 861 3317 991 3368; x_wconf 89' lang='lat' dir='ltr'><strong>D&#39;Orvill.</strong></span> <span class='ocrx_word' id='word_1_333' title='bbox 1007 3317 1134 3366; x_wconf 62' lang='lat' dir='ltr'><strong>mnam.</strong></span> <span class='ocrx_word' id='word_1_334' title='bbox 1169 3317 1221 3366; x_wconf 87' lang='lat' dir='ltr'><strong>Adl</strong></span> 
     </span>
     <span class='ocr_line' id='line_1_36' title="bbox 119 3381 1222 3446; baseline -0.002 -14"><span class='ocrx_word' id='word_1_335' title='bbox 119 3383 156 3432; x_wconf 84' lang='lat' dir='ltr'><strong>ad</strong></span> <span class='ocrx_word' id='word_1_336' title='bbox 177 3383 195 3431; x_wconf 94' lang='lat' dir='ltr'><strong>l.</strong></span> <span class='ocrx_word' id='word_1_337' title='bbox 214 3396 234 3430; x_wconf 84' lang='lat'><strong>1.</strong></span> <span class='ocrx_word' id='word_1_338' title='bbox 250 3398 276 3446; x_wconf 92' lang='lat' dir='ltr'><strong>p.</strong></span> <span class='ocrx_word' id='word_1_339' title='bbox 293 3389 332 3432; x_wconf 91' lang='lat'><strong>11.</strong></span> <span class='ocrx_word' id='word_1_340' title='bbox 356 3384 505 3432; x_wconf 85' lang='lat' dir='ltr'><strong>‘Resistere</strong></span> <span class='ocrx_word' id='word_1_341' title='bbox 526 3384 566 3430; x_wconf 86' lang='lat' dir='ltr'><strong>vir</strong></span> <span class='ocrx_word' id='word_1_342' title='bbox 584 3389 659 3432; x_wconf 80' lang='lat' dir='ltr'><strong>natus</strong></span> <span class='ocrx_word' id='word_1_343' title='bbox 680 3383 779 3431; x_wconf 87' lang='lat' dir='ltr'><strong>mulieri</strong></span> <span class='ocrx_word' id='word_1_344' title='bbox 795 3396 846 3432; x_wconf 89' lang='lat' dir='ltr'><strong>nou</strong></span> <span class='ocrx_word' id='word_1_345' title='bbox 865 3381 1000 3444; x_wconf 70' lang='lat' dir='ltr'><strong>potueris!</strong></span> <span class='ocrx_word' id='word_1_346' title='bbox 1016 3383 1105 3430; x_wconf 78' lang='lat' dir='ltr'><strong>Id.-9</strong></span> <span class='ocrx_word' id='word_1_347' title='bbox 1122 3381 1222 3430; x_wconf 86' lang='lat' dir='ltr'><strong>D&#39;Orv.</strong></span> 
     </span>
     <span class='ocr_line' id='line_1_37' title="bbox 120 3445 1222 3510; baseline -0.003 -13"><span class='ocrx_word' id='word_1_348' title='bbox 120 3447 347 3497; x_wconf 78' lang='lat' dir='ltr'><strong>dextrum.1d.-l</strong></span> <span class='ocrx_word' id='word_1_349' title='bbox 367 3448 579 3510; x_wconf 79' lang='lat' dir='ltr'><strong>Corraprudeatis,</strong></span> <span class='ocrx_word' id='word_1_350' title='bbox 595 3449 632 3495; x_wconf 86' lang='lat' dir='ltr'><strong>uel</strong></span> <span class='ocrx_word' id='word_1_351' title='bbox 642 3461 699 3495; x_wconf 82' lang='lat' dir='ltr'><strong>rem.</strong></span> <span class='ocrx_word' id='word_1_352' title='bbox 714 3446 814 3507; x_wconf 78' lang='lat' dir='ltr'><strong>sagacia</strong></span> <span class='ocrx_word' id='word_1_353' title='bbox 847 3447 889 3494; x_wconf 90' lang='lat' dir='ltr'><strong>Vn</strong></span> <span class='ocrx_word' id='word_1_354' title='bbox 920 3481 926 3494; x_wconf 94' lang='lat'><strong>.</strong></span> <span class='ocrx_word' id='word_1_355' title='bbox 945 3445 1041 3494; x_wconf 78' lang='lat' dir='ltr'><strong>oonsilio</strong></span> <span class='ocrx_word' id='word_1_356' title='bbox 1057 3445 1222 3507; x_wconf 74' lang='lat' dir='ltr'><strong>prudentissi</strong></span> 
     </span>
     <span class='ocr_line' id='line_1_38' title="bbox 119 3509 1220 3574; baseline -0.004 -14"><span class='ocrx_word' id='word_1_357' title='bbox 119 3511 283 3571; x_wconf 67' lang='lat' dir='ltr'><strong>remeagaei.</strong></span> <span class='ocrx_word' id='word_1_358' title='bbox 314 3511 425 3560; x_wconf 88' lang='lat' dir='ltr'><strong>Colvius.</strong></span> <span class='ocrx_word' id='word_1_359' title='bbox 461 3513 491 3560; x_wconf 83' lang='lat' dir='ltr'><strong>G.</strong></span> <span class='ocrx_word' id='word_1_360' title='bbox 500 3511 610 3574; x_wconf 80' lang='lat' dir='ltr'><strong>prudenti</strong></span> <span class='ocrx_word' id='word_1_361' title='bbox 621 3525 644 3559; x_wconf 83' lang='lat' dir='ltr'><strong>o.</strong></span> <span class='ocrx_word' id='word_1_362' title='bbox 655 3525 676 3558; x_wconf 88' lang='lat' dir='ltr'><strong>r.</strong></span> <span class='ocrx_word' id='word_1_363' title='bbox 687 3511 776 3572; x_wconf 81' lang='lat' dir='ltr'><strong>sagaci.</strong></span> <span class='ocrx_word' id='word_1_364' title='bbox 809 3509 854 3559; x_wconf 85' lang='lat' dir='ltr'><strong>Sia</strong></span> <span class='ocrx_word' id='word_1_365' title='bbox 873 3510 916 3558; x_wconf 92' lang='lat' dir='ltr'><strong>Ms</strong></span> <span class='ocrx_word' id='word_1_366' title='bbox 932 3543 938 3558; x_wconf 91' lang='lat'><strong>.</strong></span> <span class='ocrx_word' id='word_1_367' title='bbox 957 3523 1054 3558; x_wconf 87' lang='lat' dir='ltr'><strong>omnes.</strong></span> <span class='ocrx_word' id='word_1_368' title='bbox 1087 3510 1183 3568; x_wconf 67' lang='lat' dir='ltr'><strong>Vulgo,</strong></span> <span class='ocrx_word' id='word_1_369' title='bbox 1199 3523 1220 3557; x_wconf 84' lang='lat' dir='ltr'><strong>e.</strong></span> 
     </span>
    </p>
   </div>
   <div class='ocr_carea' id='block_1_7' title="bbox 116 3570 1316 3639">
    <p class='ocr_par' dir='ltr' id='par_1_7' title="bbox 116 3570 1316 3639">
     <span class='ocr_line' id='line_1_39' title="bbox 116 3570 1316 3639; baseline 0 -15"><span class='ocrx_word' id='word_1_370' title='bbox 116 3575 425 3639; x_wconf 58' lang='lat' dir='ltr'><strong>montismontis.</strong></span> <span class='ocrx_word' id='word_1_371' title='bbox 458 3575 576 3638; x_wconf 84' lang='lat' dir='ltr'><strong>Utraque</strong></span> <span class='ocrx_word' id='word_1_372' title='bbox 588 3574 668 3623; x_wconf 82' lang='lat' dir='ltr'><strong>lectio</strong></span> <span class='ocrx_word' id='word_1_373' title='bbox 683 3575 790 3624; x_wconf 86' lang='lat' dir='ltr'><strong>tolerari</strong></span> <span class='ocrx_word' id='word_1_374' title='bbox 808 3578 902 3635; x_wconf 87' lang='lat' dir='ltr'><strong>potest.</strong></span> <span class='ocrx_word' id='word_1_375' title='bbox 934 3572 1002 3622; x_wconf 87' lang='lat' dir='ltr'><strong>Vide</strong></span> <span class='ocrx_word' id='word_1_376' title='bbox 1021 3587 1062 3622; x_wconf 85' lang='lat' dir='ltr'><strong>me</strong></span> <span class='ocrx_word' id='word_1_377' title='bbox 1082 3570 1116 3620; x_wconf 81' lang='lat' dir='ltr'><strong>ad</strong></span> <span class='ocrx_word' id='word_1_378' title='bbox 1135 3573 1222 3620; x_wconf 89' lang='lat' dir='ltr'><strong>Minu·</strong></span> <span class='ocrx_word' id='word_1_379' title='bbox 1314 3619 1316 3624; x_wconf 92' lang='lat'><strong>.</strong></span> 
     </span>
    </p>
   </div>
   <div class='ocr_carea' id='block_1_8' title="bbox 119 3636 1221 3831">
    <p class='ocr_par' dir='ltr' id='par_1_8' title="bbox 119 3636 1221 3831">
     <span class='ocr_line' id='line_1_40' title="bbox 119 3636 1221 3700; baseline -0.005 -11"><span class='ocrx_word' id='word_1_380' title='bbox 119 3639 301 3693; x_wconf 81' lang='lat' dir='ltr'><strong>tiumfol.19.</strong></span> <span class='ocrx_word' id='word_1_381' title='bbox 318 3640 426 3689; x_wconf 79' lang='lat' dir='ltr'><strong>Etrueab.</strong></span> <span class='ocrx_word' id='word_1_382' title='bbox 459 3639 544 3688; x_wconf 91' lang='lat' dir='ltr'><strong>Multo</strong></span> <span class='ocrx_word' id='word_1_383' title='bbox 562 3638 705 3700; x_wconf 76' lang='lat' dir='ltr'><strong>elegantius</strong></span> <span class='ocrx_word' id='word_1_384' title='bbox 720 3637 760 3686; x_wconf 78' lang='lat' dir='ltr'><strong>est&#39;</strong></span> <span class='ocrx_word' id='word_1_385' title='bbox 777 3638 889 3698; x_wconf 75' lang='lat' dir='ltr'><strong>paueat</strong></span> <span class='ocrx_word' id='word_1_386' title='bbox 906 3643 934 3686; x_wconf 85' lang='lat' dir='ltr'><strong>et</strong></span> <span class='ocrx_word' id='word_1_387' title='bbox 949 3637 1048 3698; x_wconf 70' lang='lat' dir='ltr'><strong>sagaci,-</strong></span> <span class='ocrx_word' id='word_1_388' title='bbox 1064 3636 1132 3700; x_wconf 90' lang='lat' dir='ltr'><strong>quod</strong></span> <span class='ocrx_word' id='word_1_389' title='bbox 1153 3637 1221 3685; x_wconf 77' lang='lat' dir='ltr'><strong>male</strong></span> 
     </span>
     <span class='ocr_line' id='line_1_41' title="bbox 119 3699 1220 3764; baseline -0.001 -13"><span class='ocrx_word' id='word_1_390' title='bbox 119 3703 270 3752; x_wconf 81' lang='lat' dir='ltr'><strong>immutavit</strong></span> <span class='ocrx_word' id='word_1_391' title='bbox 281 3703 396 3764; x_wconf 82' lang='lat' dir='ltr'><strong>Colvius,</strong></span> <span class='ocrx_word' id='word_1_392' title='bbox 410 3703 498 3752; x_wconf 87' lang='lat' dir='ltr'><strong>invitis</strong></span> <span class='ocrx_word' id='word_1_393' title='bbox 509 3702 587 3752; x_wconf 86' lang='lat' dir='ltr'><strong>etiam</strong></span> <span class='ocrx_word' id='word_1_394' title='bbox 600 3703 663 3752; x_wconf 83' lang='lat' dir='ltr'><strong>Mes.</strong></span> <span class='ocrx_word' id='word_1_395' title='bbox 675 3701 747 3761; x_wconf 87' lang='lat' dir='ltr'><strong>meis,</strong></span> <span class='ocrx_word' id='word_1_396' title='bbox 765 3701 836 3750; x_wconf 84' lang='lat' dir='ltr'><strong>Pitlr.</strong></span> <span class='ocrx_word' id='word_1_397' title='bbox 855 3699 942 3750; x_wconf 83' lang='lat' dir='ltr'><strong>Guelf.</strong></span> <span class='ocrx_word' id='word_1_398' title='bbox 954 3716 992 3764; x_wconf 87' lang='lat' dir='ltr'><strong>pr.</strong></span> <span class='ocrx_word' id='word_1_399' title='bbox 1010 3701 1114 3750; x_wconf 84' lang='lat' dir='ltr'><strong>D&#39;Orv.</strong></span> <span class='ocrx_word' id='word_1_400' title='bbox 1134 3700 1220 3750; x_wconf 85' lang='lat' dir='ltr'><strong>Oxou.</strong></span> 
     </span>
     <span class='ocr_line' id='line_1_42' title="bbox 119 3763 1221 3831; baseline -0.004 -13"><span class='ocrx_word' id='word_1_401' title='bbox 119 3768 185 3818; x_wconf 85' lang='lat' dir='ltr'><strong>Par.</strong></span> <span class='ocrx_word' id='word_1_402' title='bbox 200 3767 367 3831; x_wconf 80' lang='lat' dir='ltr'><strong>sequentibus</strong></span> <span class='ocrx_word' id='word_1_403' title='bbox 382 3777 469 3818; x_wconf 87' lang='lat' dir='ltr'><strong>tamen</strong></span> <span class='ocrx_word' id='word_1_404' title='bbox 488 3781 546 3818; x_wconf 84' lang='lat' dir='ltr'><strong>eunt</strong></span> <span class='ocrx_word' id='word_1_405' title='bbox 559 3767 634 3816; x_wconf 89' lang='lat' dir='ltr'><strong>Vulc.</strong></span> <span class='ocrx_word' id='word_1_406' title='bbox 654 3765 738 3815; x_wconf 83' lang='lat' dir='ltr'><strong>Mero.</strong></span> <span class='ocrx_word' id='word_1_407' title='bbox 749 3766 833 3816; x_wconf 89' lang='lat' dir='ltr'><strong>Wow.</strong></span> <span class='ocrx_word' id='word_1_408' title='bbox 848 3772 875 3814; x_wconf 85' lang='lat' dir='ltr'><strong>et</strong></span> <span class='ocrx_word' id='word_1_409' title='bbox 893 3766 1005 3816; x_wconf 79' lang='lat' dir='ltr'><strong>Prieaeo.</strong></span> <span class='ocrx_word' id='word_1_410' title='bbox 1023 3766 1136 3814; x_wconf 73' lang='lat' dir='ltr'><strong>Oud-t</strong></span> <span class='ocrx_word' id='word_1_411' title='bbox 1153 3763 1221 3814; x_wconf 82' lang='lat' dir='ltr'><strong>Edd.</strong></span> 
     </span>
    </p>
   </div>
   <div class='ocr_carea' id='block_1_9' title="bbox 622 3910 728 3962">
    <p class='ocr_par' dir='ltr' id='par_1_9' title="bbox 622 3910 728 3962">
     <span class='ocr_line' id='line_1_43' title="bbox 622 3910 728 3962; baseline 0 0"><span class='ocrx_word' id='word_1_412' title='bbox 622 3910 728 3962; x_wconf 79' lang='lat' dir='ltr'>NOTAE</span> 
     </span>
    </p>
   </div>
   <div class='ocr_carea' id='block_1_10' title="bbox 119 4005 1222 4241">
    <p class='ocr_par' dir='ltr' id='par_1_10' title="bbox 119 4005 1222 4241">
     <span class='ocr_line' id='line_1_44' title="bbox 154 4005 1221 4089; baseline 0 -15"><span class='ocrx_word' id='word_1_413' title='bbox 154 4029 168 4058; x_wconf 79' lang='lat'><strong>¹</strong></span> <span class='ocrx_word' id='word_1_414' title='bbox 196 4019 300 4074; x_wconf 79' lang='lat' dir='ltr'><strong>Homini</strong></span> <span class='ocrx_word' id='word_1_415' title='bbox 317 4021 386 4089; x_wconf 84' lang='lat' dir='ltr'><strong>auto]</strong></span> <span class='ocrx_word' id='word_1_416' title='bbox 414 4023 457 4074; x_wconf 87' lang='lat' dir='ltr'><strong>Sic</strong></span> <span class='ocrx_word' id='word_1_417' title='bbox 479 4025 504 4074; x_wconf 91' lang='lat' dir='ltr'><strong>in</strong></span> <span class='ocrx_word' id='word_1_418' title='bbox 526 4019 656 4087; x_wconf 78' lang='lat' dir='ltr'><strong>Apologia</strong></span> <span class='ocrx_word' id='word_1_419' title='bbox 696 4005 877 4073; x_wconf 66' lang='lat' dir='ltr'><strong>nausiant*</strong></span> <span class='ocrx_word' id='word_1_420' title='bbox 895 4015 993 4074; x_wconf 72' lang='lat' dir='ltr'><strong>Eodem</strong></span> <span class='ocrx_word' id='word_1_421' title='bbox 1012 4027 1088 4072; x_wconf 81' lang='lat' dir='ltr'><strong>sensu</strong></span> <span class='ocrx_word' id='word_1_422' title='bbox 1104 4024 1221 4074; x_wconf 82' lang='lat' dir='ltr'><strong>Catullus</strong></span> 
     </span>
     <span class='ocr_line' id='line_1_45' title="bbox 119 4096 1222 4166; baseline 0.001 -15"><span class='ocrx_word' id='word_1_423' title='bbox 119 4101 241 4151; x_wconf 82' lang='lat' dir='ltr'><strong>Noster:</strong></span> <span class='ocrx_word' id='word_1_424' title='bbox 264 4099 326 4150; x_wconf 78' lang='lat' dir='ltr'><strong>‘An</strong></span> <span class='ocrx_word' id='word_1_425' title='bbox 343 4109 372 4150; x_wconf 88' lang='lat' dir='ltr'><strong>ta</strong></span> <span class='ocrx_word' id='word_1_426' title='bbox 386 4102 494 4164; x_wconf 82' lang='lat' dir='ltr'><strong>ignoras</strong></span> <span class='ocrx_word' id='word_1_427' title='bbox 517 4099 578 4148; x_wconf 89' lang='lat' dir='ltr'><strong>uihil</strong></span> <span class='ocrx_word' id='word_1_428' title='bbox 599 4114 655 4149; x_wconf 85' lang='lat' dir='ltr'><strong>esse</strong></span> <span class='ocrx_word' id='word_1_429' title='bbox 697 4099 778 4150; x_wconf 82' lang='lat' dir='ltr'><strong>dixit:</strong></span> <span class='ocrx_word' id='word_1_430' title='bbox 795 4100 959 4166; x_wconf 86' lang='lat' dir='ltr'><strong>‘Unicuique</strong></span> <span class='ocrx_word' id='word_1_431' title='bbox 971 4096 1139 4152; x_wconf 79' lang='lat' dir='ltr'><strong>deditaitium</strong></span> <span class='ocrx_word' id='word_1_432' title='bbox 1150 4108 1222 4156; x_wconf 82' lang='lat' dir='ltr'><strong>natu·</strong></span> 
     </span>
     <span class='ocr_line' id='line_1_46' title="bbox 120 4172 842 4241; baseline -0.001 -16"><span class='ocrx_word' id='word_1_433' title='bbox 120 4175 312 4241; x_wconf 79' lang='lat' dir='ltr'><strong>aspectabilius</strong></span> <span class='ocrx_word' id='word_1_434' title='bbox 329 4175 424 4224; x_wconf 83' lang='lat' dir='ltr'><strong>homini</strong></span> <span class='ocrx_word' id='word_1_435' title='bbox 437 4183 506 4240; x_wconf 87' lang='lat' dir='ltr'><strong>nato,</strong></span> <span class='ocrx_word' id='word_1_436' title='bbox 516 4187 592 4240; x_wconf 81' lang='lat' dir='ltr'><strong>qrtam</strong></span> <span class='ocrx_word' id='word_1_437' title='bbox 604 4173 656 4224; x_wconf 84' lang='lat' dir='ltr'><strong>for·</strong></span> <span class='ocrx_word' id='word_1_438' title='bbox 697 4191 725 4224; x_wconf 86' lang='lat' dir='ltr'><strong>ra</strong></span> <span class='ocrx_word' id='word_1_439' title='bbox 736 4172 842 4228; x_wconf 64' lang='lat' dir='ltr'><strong>ereata!</strong></span> 
     </span>
    </p>
   </div>
   <div class='ocr_carea' id='block_1_11' title="bbox 190 4255 1157 4320">
    <p class='ocr_par' dir='ltr' id='par_1_11' title="bbox 190 4255 1157 4320">
     <span class='ocr_line' id='line_1_47' title="bbox 190 4255 1157 4320; baseline -0.002 -12"><span class='ocrx_word' id='word_1_440' title='bbox 190 4256 279 4320; x_wconf 83' lang='lat' dir='ltr'><strong>Delplr.</strong></span> <span class='ocrx_word' id='word_1_441' title='bbox 290 4262 314 4306; x_wconf 88' lang='lat' dir='ltr'><strong>et</strong></span> <span class='ocrx_word' id='word_1_442' title='bbox 327 4257 383 4310; x_wconf 84' lang='lat' dir='ltr'><strong>Var.</strong></span> <span class='ocrx_word' id='word_1_443' title='bbox 394 4257 458 4306; x_wconf 88' lang='lat' dir='ltr'><strong>Ctar.</strong></span> <span class='ocrx_word' id='word_1_444' title='bbox 642 4255 715 4319; x_wconf 80' lang='lat' dir='ltr'><strong>Aput.</strong></span> <span class='ocrx_word' id='word_1_445' title='bbox 1098 4259 1113 4306; x_wconf 74' lang='lat'>2</span> <span class='ocrx_word' id='word_1_446' title='bbox 1132 4257 1157 4306; x_wconf 83' lang='lat' dir='ltr'>N</span> 
     </span>
    </p>
   </div>
   <div class='ocr_carea' id='block_1_12' title="bbox 0 0 1472 4826">
    <p class='ocr_par' dir='ltr' id='par_1_12' title="bbox 0 0 1472 4826">
     <span class='ocr_line' id='line_1_48' title="bbox 0 0 1472 4826; baseline 0 0"><span class='ocrx_word' id='word_1_447' title='bbox 0 0 1472 4826; x_wconf 95' lang='lat' dir='ltr'><strong> </strong></span> 
     </span>
    </p>
   </div>
  </div>
 </body>
</html>
